3234 5217
486 357 547 412 nu
572 356 866 423 dusmensi
893 356 983 412 urs.
1009 358 1064 412 111.
1144 428 1146 439 1
1258 351 1388 425 ses.

207 499 283 575 'apud
294 505 369 559 illum
378 504 501 573 pecuniae
512 505 692 574 deposuisset:
710 504 752 558 id·
788 516 824 558 es
841 504 876 577 ils
887 504 1079 575 nescioquem
1092 504 1127 556 ab
1143 504 1201 573 ipso
1217 505 1330 573 Catone,

211 585 343 654 quealiis,
361 585 483 654 quisine
500 588 556 637 arte
573 586 644 638 mula
661 584 752 660 petiis·
788 583 902 651 legimus
919 582 993 650 apud
1014 581 1188 642 Plutarchum
1215 584 1244 637 in
1271 584 1329 653 ejus

210 667 277 728 sent,
289 664 457 718 tribueretur.
493 663 531 716 Et
540 663 750 717 condemnatum
788 662 851 715 vita
888 660 972 715 loesr.

555 830 714 885 miscus
733 831 768 895 Q·
786 830 977 885 FRATRIS.
1253 816 1259 827 '
1295 836 1327 885 re

226 942 668 1019 'AsoDeoccupationibnssuisz
686 950 752 1019 quid
787 953 836 1002 tra
872 950 958 1005 Inus.

209 1020 239 1083 iir
247 1033 342 1086 senatu
354 1033 460 1083 actum:
478 1045 539 1098 quae
548 1027 752 1094 judieiababita
823 1028 859 1084 In
868 1029 976 1092 macno]
994 1028 1123 1083 Omnium
1133 1027 1256 1083 ordinum
1268 1044 1329 1083 sen-

210 1108 264 1161 sint
274 1112 323 1161 aut
337 1108 452 1161 instent:
473 1106 612 1159 materiam
628 1106 753 1162 carminis
786 1106 879 1159 tentiae
897 1106 1115 1173 numerabantur,
1134 1109 1163 1159 ct
1180 1122 1214 1161 ex
1226 1106 1327 1175 majore

211 1185 352 1249 scribendi,
362 1187 487 1253 superata
497 1202 514 1236 a
528 1184 634 1237 Caesare
645 1184 752 1238 Britan·
786 1187 863 1252 parte
874 1185 916 1237 rel
931 1185 1125 1249 absolvebatur,
1142 1186 1184 1242 vel
1201 1185 1328 1245 condens

210 1262 265 1327 nia,
273 1260 592 1330 gratulntur,etquidde
609 1260 753 1316 suisversi-
786 1262 902 1315 nabetur
912 1278 982 1315 reus.
1018 1261 1149 1317 Ordinum
1157 1263 1275 1331 ipsorum
1286 1280 1329 1317 ra·

209 1341 261 1393 bus
268 1338 481 1404 Caesarjudieet,
491 1338 649 1393 sciscitatur.
675 1336 752 1391 Anco
786 1340 826 1393 tiu
837 1355 891 1392 uon
904 1338 1060 1395 habebatur.
1079 1341 1266 1400 Poteratenim
1273 1356 1327 1403 usu

213 1418 250 1470 U.
259 1418 292 1470 C.
305 1421 366 1471 699.
786 1418 886 1481 venire,
905 1422 937 1470 ut
956 1434 973 1470 a
992 1419 1097 1472 duobus
1113 1420 1248 1483 ordinibus
1264 1435 1328 1476 con-

245 1495 287 1549 Ne
298 1492 406 1565 paulum
425 1493 482 1561 otia]
508 1493 752 1562 videtumquibus-
787 1495 938 1563 demuntur,
947 1514 983 1551 ex
992 1499 1328 1565 uuiversotomenseuten-

214 1572 276 1625 dam
298 1578 426 1641 tanquam
451 1572 643 1638 integumentis
666 1572 752 1630 velata
786 1573 885 1630 tiorum
896 1590 1011 1629 numero
1020 1575 1209 1637 absolveretur,
1238 1576 1326 1634 Iners.

212 1650 358 1714 sententia;
377 1650 648 1703 sedostondeturboe
658 1649 750 1701 modo:
824 1650 965 1719 Vatinium]
984 1652 1077 1721 Hujus
1095 1653 1255 1707 defensionis
1271 1670 1328 1712 me-

210 1731 345 1781 cumulos
355 1726 453 1779 librarii
470 1742 561 1792 manu,
578 1743 686 1797 prorsus
703 1726 752 1782 otii
786 1730 865 1783 rninit
880 1731 1016 1785 Pedianus
1033 1730 1061 1785 in
1073 1732 1258 1788 commentarii
1268 1748 1328 1800 pro·

208 1807 274 1861 nihil
291 1806 394 1868 babe0;
419 1821 483 1857 cum
500 1807 591 1858 aulem
610 1821 680 1873 mea,
696 1820 752 1862 uon
786 1810 870 1863 oemio
887 1824 934 1878 pru
953 1810 1062 1874 Scauro,
1083 1810 1186 1879 etipse
1200 1808 1328 1869 Vatinius

208 1886 301 1954 nihil.¹
319 1884 399 1936 Mis.
786 1884 947 1954 inepistola.
982 1887 1069 1941 lusu.

243 1957 363 2033 Nullum]
373 1960 546 2026 subauditae
553 1979 562 2021 ;
581 1960 654 2029 quod
664 1961 751 2029 proxi·
819 1966 949 2033 Ὓσάθισιν]
966 1956 1176 2033 Argumentum.
1321 2016 1326 2027 ,

210 2058 252 2095 me
270 2041 422 2095 antecedit:
443 2043 474 2091 ut
485 2038 535 2105 sit;
555 2036 752 2091 mandasseti-
822 2045 937 2103 mata'rtff
948 2046 1036 2111 Αθήνας]
1072 2045 1144 2099 Cum
1160 2044 1217 2112 ipse
1235 2060 1328 2099 versus

209 2140 260 2175 run.
295 2120 382 2174 Iners.
786 2119 886 2186 optime
913 2120 1004 2175 facias.
1040 2120 1114 2176 Infra
1136 2121 1213 2186 dixit,
1232 2122 1327 2177 endem

122 2200 125 2209 '
243 2194 749 2269 Difficilius]Cumaliquadillicultste.
786 2198 931 2253 sententia:
960 2200 1079 2269 cumdum
1098 2200 1148 2271 ipsi
1165 2198 1255 2269 fontes
1266 2199 1327 2271 jum

209 2275 459 2345 Nominaquaedam
476 2279 547 2339 sunt,
565 2291 627 2343 quae
638 2274 750 2327 reccido
785 2274 881 2329 stiunt.
901 2276 1328 2334 Proverbiumiisderebususur·

210 2353 404 2423 comparationis
422 2353 557 2421 appellant
568 2351 748 2421 grammatici:
785 2357 890 2419 patum,
901 2371 969 2424 quas
989 2355 1024 2407 ad
1040 2372 1094 2422 eos,
1114 2356 1160 2426 qui
1179 2356 1327 2420 abundant,
1432 2407 1434 2411 .

212 2447 353 2501 quaecum
375 2431 437 2482 ideo
456 2430 556 2483 luerint
577 2431 696 2493 inventa,
718 2433 750 2486 ut
785 2429 926 2487 mittimus.
963 2433 1071 2486 Noctua
1082 2436 1155 2487 enim
1172 2449 1237 2486 suus
1248 2448 1328 2487 num-

212 2513 354 2577 augerent3
373 2508 461 2560 minus
478 2511 568 2561 tamen
590 2506 749 2578 significant,
785 2523 844 2559 mos
853 2508 1031 2564 Athenienses
1043 2511 1193 2578 signabant.
1228 2510 1311 2566 Mas.

212 2604 293 2657 quam
303 2604 343 2651 ea,
356 2603 415 2655 quae
427 2585 509 2639 iidem
522 2586 629 2657 pontica
646 2578 748 2642 dlc'unt.
818 2584 979 2657 Ῥωθυμώτιρα]
987 2587 1082 2641 Minus
1091 2590 1224 2650 accurata,
1231 2588 1330 2656 scripta

212 2667 308 2736 Itaque
320 2664 387 2717 illud
400 2664 585 2731 virgilianum,
599 2664 706 2730 notor,
725 2672 750 2716 et
784 2661 977 2729 indiligentius,
990 2664 1073 2719 videri
1085 2664 1244 2719 sibiuiebat.
1262 2664 1327 2721 Ms-
1382 2730 1385 2735 ,

211 2741 526 2816 hcrymrbcculorsuffmn
534 2742 751 2809 nabateaexpo-
786 2754 897 2794 currus.
1318 2788 1322 2799 ‚

210 2825 250 2877 nit
263 2821 368 2875 Servius
381 2821 434 2874 hcc
457 2821 552 2873 modo:
579 2820 686 2885 tristior,
701 2819 751 2873 mi·
821 2816 886 2884 Res,
903 2828 948 2873 aut
963 2823 1088 2891 manig]
1110 2820 1169 2879 nur
1184 2834 1328 2887 argumen-

211 2905 319 2965 nusest,
330 2916 411 2969 quam
423 2900 514 2953 tristia
549 2900 636 2953 Iners.
786 2900 854 2959 tum,
863 2901 910 2952 aut
919 2913 1012 2951 meum
1022 2898 1153 2953 scribendi
1161 2912 1257 2967 genus.
1279 2896 1325 2953 Io.

245 2978 385 3049 Pr'oesidio]
402 2977 462 3031 Nisi
471 2979 560 3049 plures
568 2977 751 3041 videamesse,
779 3042 783 3048 Ι
821 2978 957 3043 similem]
987 2978 1058 3031 Cum
1081 2977 1172 3034 studio
1199 2976 1327 3045 veritalis,

211 3059 257 3129 qui
267 3072 372 3111 mecum
383 3058 508 3123 sentiant,
525 3071 607 3128 qnam
623 3055 671 3127 qui
686 3071 751 3109 con·
785 3056 1044 3113 vereetexanimo.
1080 3057 1167 3115 lues.

550 3280 882 3289 .......----.—......-.----------·¹
969 3278 1317 3290 -Ἣ

243 3419 718 3555 ,ἘΡΙΒΤοιΑηυΜ
747 3430 834 3515 AD
866 3432 922 3531 Q.
941 3408 1246 3521 'senceum

592 3641 595 3654 .
654 3594 813 3658 LIBER
843 3596 901 3659 111.

1192 3650 1196 3679 l
1285 3670 1287 3677 .

549 3921 711 3978 Maccus
730 3924 764 3989 Q.
784 3922 934 3983 nusum
954 3922 984 3978 s.
1070 3876 1072 3881 ⁵
1310 3927 1324 3978 1

243 4051 461 4104 Anourrnururr.
480 4045 514 4098 Iu
533 4044 642 4113 praediis
654 4045 749 4109 Quinti
776 4058 796 4077 *v
819 4044 886 4113 Cap.
900 4048 923 4096 l.
941 4038 1085 4115 Fluminis]
1102 4042 1146 4096 De
1162 4040 1325 4095 Fibenodu·

211 4123 750 4197 sefnisse,et.quoedumibi,inprimisin
787 4124 861 4175 mirre
879 4120 1021 4191 inlelligit:
1047 4138 1096 4193 quo
1116 4120 1184 4174 nillil
1199 4118 1326 4185 amenius,

212 4206 363 4261 edificandi
381 4204 494 4267 ratione,
514 4202 669 4268 correxisse,
688 4219 752 4256 eon·
786 4198 1002 4273 nidilfiigidius:
1018 4202 1050 4251 ut
1060 4200 1087 4252 in
1099 4199 1166 4254 libro
1176 4196 1215 4251 ΙΙ.
1227 4194 1262 4247 de
1273 4194 1327 4249 Le-

212 4286 328 4339 stitnisse
357 4284 559 4344 commemorat,
585 4286 614 4334 et
639 4280 675 4335 ad
697 4286 751 4334 tres
788 4279 875 4347 gibus.
903 4279 984 4333 Mirr.

213 4364 363 4431 epistolase
374 4362 463 4417 Gallia
477 4376 494 4412 a
512 4358 614 4423 Quinto
626 4363 751 4428 acceptas
823 4356 972 4411 distulistis
977 4350 1164 4414 conmendatio]
1173 4349 1213 4403 Ut
1220 4350 1257 4404 eis
1265 4366 1326 4407 meo

213 4438 753 4509 devariisrebusrespondet3simulquaa·
788 4436 897 4489 nornine
916 4437 951 4489 ad
969 4431 1129 4504 spectandos
1142 4428 1220 4483 ludos
1236 4432 1328 4485 locum

213 4520 278 4573 dam
297 4519 332 4571 de
351 4520 432 4574 rebus
454 4517 584 4574 Romamn
605 4517 751 4588 perscribit
789 4515 876 4580 daret.
897 4514 983 4568 Moris
994 4511 1066 4563 euim
1077 4511 1142 4574 erat,
1152 4509 1328 4565 utamlciset

214 4599 294 4655 Auno
305 4596 338 4650 U.
348 4598 380 4650 C.
391 4603 453 4653 699.
789 4592 931 4647 tribulibus
939 4595 967 4645 et
977 4592 1008 4645 in
1018 4590 1092 4643 circo
1101 4588 1236 4645 elinloro
1252 4591 1327 4644 locus

250 4691 303 4730 von
323 4690 354 4729 ιι.
825 4674 869 4723 lr
