3234 5217
326 401 401 468 '892
719 322 1030 451 'enarrassem

329 541 576 620 qussuffrsglomm
586 533 703 608 potestas
719 528 863 598 eonvainit,
897 543 960 596 gem
976 522 1047 591 tulit,
1067 524 1099 574 nt
1117 518 1230 574 tubunis
1250 517 1322 587 pleb.
1341 517 1434 572 iioeret

328 625 497 682 manifestum
514 622 563 672 est.
597 615 667 670 Nam
684 613 742 682 ipse
756 625 863 682 qunque
897 609 992 676 postea
1001 603 1065 658 elios
1073 592 1433 668 magistratusoaperezqnod

329 703 410 774 paulo
427 703 488 753 ants
505 695 574 749 dixit
589 694 676 761 legem
687 689 810 744 Cassium
820 691 864 741 tu-
898 685 958 751 legs
968 681 1047 749 Syllae
1056 680 1089 733 iis
1097 682 1155 750 erat
1163 675 1329 744 ademptum.
1346 675 1432 730 lusu.

330 783 402 844 lim,
413 782 444 832 ut
453 775 567 846 populns
577 788 625 844 per
635 768 760 824 tabellam
774 765 864 819 suffra-
934 753 1081 830 Aureliam]
1098 754 1208 810 Aurelia
1218 754 1278 822 iege
1287 752 1435 806 eommuni-

332 858 501 930 giumierrot.
533 853 626 906 Altera
635 846 865 914 camisinuqnss
900 833 1436 906 oatajndiciaintersenstores,eteques·

332 936 430 1007 popuii,
438 927 678 1002 Ῑιιῶρὶαβτωανὶῐς
695 940 755 993 quae
766 924 808 992 sit,
818 937 867 992 po-
901 921 969 970 trem
988 915 1118 975 ordinem,
1135 914 1163 964 et
1182 910 1305 962 tribunos
1324 908 1437 962 sorados.

332 1017 387 1068 test
396 1011 490 1083 quaeri.
501 1009 664 1063 'Estautem
676 1003 744 1056 haec.
758 1003 791 1055 L.
801 1001 866 1053 Cas-
903 992 1002 1047 Roscia
1022 994 1071 1055 est,
1088 1004 1171 1058 quam
1192 987 1225 1041 L.
1236 985 1352 1056 Roscius
1365 984 1437 1038 Otho

333 1093 390 1146 sins
401 1091 435 1144 L.
446 1089 478 1143 F.
490 1087 630 1154 ungium
645 1081 705 1136 trib.
718 1078 805 1149 pleb!
833 1077 865 1131 c.
902 1071 1009 1126 biennio
1020 1071 1082 1122 ante
1089 1068 1150 1120 Cos.
1157 1065 1278 1130 firmasit,
1287 1065 1356 1117 utin
1364 1064 1439 1117 thea-

333 1171 433 1232 Mario,
448 1167 481 1220 G.
490 1166 588 1219 Fiaooo
600 1161 675 1216 Coss.
695 1160 785 1227 plures
794 1158 871 1224 leges
903 1157 944 1204 tro
955 1147 1088 1217 equitibus
1100 1144 1228 1234 Romanis
1238 1143 1323 1198 XIV.
1335 1141 1439 1196 ordines

335 1247 371 1302 ad
381 1244 552 1300 minuendam
563 1238 707 1294 nobilitatis
722 1233 868 1306 potentiam
904 1223 1284 1297 speotsndigratiadarentur·
1318 1220 1401 1275 Insis.

270 1316 276 1324 ’
335 1316 870 1393 tniitinqnibushanoetiamtqusm
941 1297 1043 1373 Plotio]
1061 1300 1103 1354 M.
1115 1299 1237 1353 Plautius
1256 1299 1363 1352 Silanus
1378 1295 1438 1351 trib.

335 1406 452 1476 populns
468 1398 629 1461 damnasset,
644 1394 720 1448 cuive
729 1389 871 1460 inperium
907 1382 978 1452 pleb.
990 1380 1040 1434 Cn.
1048 1378 1177 1448 Pompeio
1185 1376 1325 1441 Strabone,
1336 1375 1370 1428 L.
1379 1375 1442 1428 Por-

337 1483 499 1551 abrogasoet,
509 1479 538 1532 in
548 1477 643 1529 senatu
652 1488 703 1526 neo
711 1472 790 1525 aaut.
816 1467 872 1524 Tu-
909 1460 951 1513 aio
963 1459 1065 1512 Catone
1076 1457 1150 1510 Coss.
1164 1454 1282 1508 seeundo
1299 1469 1371 1508 snno
1380 1453 1442 1506 belii

331 1545 405 1627 'lgm
415 1562 506 1613 ,utem
516 1570 576 1608 em
594 1551 712 1606 maxime
723 1550 829 1619 propter
839 1545 874 1598 gi.
909 1537 1006 1600 ltaiioi,
1016 1551 1078 1589 enm
1091 1537 1214 1604 equester
1224 1531 1290 1585 ordo
1300 1532 1329 1584 in
1336 1531 1443 1598 judieiis

338 1639 465 1692 multates
484 1649 547 1688 cum
565 1633 600 1695 Q.
611 1629 729 1691 Gaeoilio,
747 1626 794 1694 qni
811 1627 874 1678 anto
910 1615 1098 1677 dominaretur,
1113 1611 1202 1680 legem
1219 1609 1281 1662 tniit
1294 1609 1443 1678 adjuranti·

337 1715 478 1770 bionnium
497 1710 592 1764 consul
610 1708 708 1761 fuerat:
726 1709 755 1757 01
773 1703 876 1770 wipo.
910 1693 962 1746 bus
972 1691 1114 1754 nobilibus,
1129 1705 1190 1760 quse
1206 1687 1250 1740 lex
1262 1688 1315 1740 einr
1327 1701 1386 1738 eam
1397 1684 1445 1738 ha-

340 1795 429 1864 pnIus,
438 1791 513 1860 ‘qnia
529 1787 599 1842 mele
617 1774 743 1837 adversus
754 1780 875 1835 Gimbros
912 1770 980 1834 buit,
991 1784 1071 1838 qnam
1078 1769 1172 1822 Gioero
1181 1764 1321 1832 signifieat:
1332 1777 1396 1816 narn
1407 1779 1446 1816 ex

340 1887 398 1924 rem
419 1869 546 1939 gesserat,
567 1861 707 1932 imperium
729 1858 875 1927 abrogavit.
913 1851 1016 1915 ealege
1027 1845 1447 1912 tribnssingulae†exeonunie-

339 1949 428 2004 Iners.
838 1976 856 1990 Α,
913 1943 943 1979 ro
960 1924 1054 1993 quinos
1071 1921 1194 1990 suffragio
1210 1919 1448 1988 oresbantqnioo

376 2024 407 2078 0.
420 2021 512 2086 aaa]
530 2018 586 2073 Hie
597 2017 686 2082 cotta,
701 2013 878 2084 utputo,10.
914 2001 1151 2069 annojndicarent.
1187 1999 1232 2052 Ex
1240 2013 1273 2052 eo
1282 1997 1387 2050 iactum
1398 2003 1449 2063 est,

914 2084 946 2134 ut
963 2083 1096 2132 senatores
1116 2091 1224 2146 qnoque
1239 2075 1268 2128 in
1288 2091 1322 2128 eo
1338 2091 1448 2129 numero

357 2155 390 2241 ,⁶
401 2155 428 2202 ⁰·
440 2152 523 2206 Morio,
533 2149 611 2234 ΡΨ
622 2145 690 2209 ⁶⁰²]
704 2145 878 2208 'mmm
915 2160 1047 2225 esmntnt
1052 2157 1161 2227 quidam
1168 2155 1249 2208 etiam
1256 2169 1292 2207 ex
1298 2154 1357 2223 ipsa
1363 2151 1445 2224 plebe.

293 2248 297 2258 ·
341 2223 482 2281 videtur,1..
496 2223 627 2282 cumpro
640 2217 666 2266 C.
679 2217 765 2266 Fusco.
789 2217 879 2265 Horum
915 2235 998 2290 Im·

344 2302 405 2350 enim
415 2297 545 2347 wneulatus
555 2291 702 2357 signifiostnr,
712 2306 764 2338 enm
774 2290 879 2350 proxime

344 2375 434 2428 inferat,
445 2367 600 2431 QOaeoilium
609 2364 699 2412 biennio
708 2369 759 2412 ante
770 2363 838 2410 istam
848 2361 880 2408 ls-
933 2373 937 2380 “
1181 2403 1186 2412 ,

347 2462 399 2511 μω
408 2441 608 2492 oonsolerninisse.
622 2439 731 2486 Marsus.
958 2431 1028 2485 sm
1037 2431 1073 2498 so]
1086 2428 1209 2499 i’stdeins,
1220 2445 1293 2478 eruto
1302 2440 1397 2478 namra.

665 2611 854 2677 fnmnous
871 2569 1119 2666 nx'n'soouro.

384 2755 471 2820 Duos]
487 2751 530 2805 Μ.
542 2748 696 2825 Lnordlum,
707 2750 735 2798 et
747 2744 790 2798 M.
802 2743 883 2812 Lepi·
920 2743 986 2798 Pius
1004 2746 1079 2811 pont.
1097 2755 1169 2794 max.
1185 2755 1252 2809 quos
1269 2739 1319 2792 hae
1336 2737 1453 2792 se'ounds

316 2827 320 2838 ’
350 2823 566 2902 dumsignifinnt.
600 2826 727 2894 Quinque
738 2823 809 2877 enim
822 2837 885 2874 oon-
921 2822 1041 2874 oratione
1050 2821 1158 2872 tractat:
1168 2821 1196 2869 et
1205 2817 1452 2886 duoqninondr'xe-

351 2915 461 2975 misses,
478 2912 510 2961 ut
523 2905 581 2973 jam
599 2903 726 2966 diximus,
744 2901 772 2953 in
787 2900 886 2952 Corno-
921 2901 992 2962 runt,
1009 2913 1076 2966 quos
1090 2911 1163 2948 nnno
1175 2894 1310 2962 signifieat,
1323 2892 1454 2946 Lucullus

348 2992 420 3044 lium
438 2983 619 3040 testimoninm
634 2981 771 3034 dixerunt:
790 2977 824 3041 Q.
835 2978 887 3031 Ca·
922 2979 950 3028 et
961 2975 1089 3044 Lepidus.
1123 2974 1229 3028 Ascou.

349 3068 436 3134 dulus,
455 3065 490 3130 Q.
513 3059 681 3124 Hortensius,
703 3056 739 3120 Q.
757 3055 887 3118 Metellus

405 3273 408 3281 ,
497 3248 500 3253 ·
592 3228 687 3282 sosr
703 3227 775 3282 xx.
792 3179 944 3278 vensi
961 3219 1230 3290 eonsensum.

353 3420 356 3424 ,
390 3361 518 3438 Eripuit]
539 3361 602 3416 Hoc
620 3375 698 3437 egero
716 3356 890 3421 enarratione,
926 3355 985 3409 haee
1002 3355 1036 3408 de
1054 3371 1086 3408 eo
1099 3354 1160 3423 ipso
1175 3353 1331 3407 Cioeronenr
1346 3353 1456 3408 dixisses

357 3448 422 3517 qnia
433 3446 485 3498 hoo
502 3445 562 3497 loeo
572 3454 669 3492 nornen
680 3453 734 3490 non
744 3437 821 3506 ponit
831 3436 892 3504 quis
927 3431 981 3488 Sed
995 3433 1018 3488 εἰ
1027 3429 1198 3504 sentilianam
1215 3449 1246 3486 sa
1258 3431 1292 3493 Q.
1303 3430 1399 3501 walo,
1409 3432 1456 3485 sse.

250 3511 259 3526 ’
356 3523 460 3589 iecerit,
476 3522 502 3575 ei
518 3521 627 3573 demum
642 3515 728 3572 sideri
739 3511 893 3584 potestqui
928 3513 1032 3567 Ancon.

358 3602 458 3658 obiitus
478 3600 522 3667 sit,
540 3597 629 3651 minus
647 3599 711 3650 ante
730 3607 781 3650 xx.
802 3605 894 3646 sersus

810 3759 1012 3824 ssouuna.

393 3901 524 3965 Silarum]
541 3899 583 3954 M.
595 3899 702 3952 Silanus
712 3893 894 3965 quinquennio
930 3891 1017 3946 dedit:
1037 3891 1084 3945 sed
1101 3890 1254 3962 plenissime
1272 3889 1379 3943 Silanus
1390 3889 1465 3941 abso·

360 3989 423 4039 ante
443 3979 537 4036 consul
554 3979 648 4041 iuerat,
663 3989 743 4043 quarn
759 3971 894 4025 Domitius
931 3970 1005 4040 lutus
1015 3973 1068 4034 est3
1080 3984 1143 4022 nam
1153 3971 1214 4023 duae
1223 3971 1287 4022 soiae
1298 3967 1382 4020 tribus
1392 3981 1465 4028 enm,

359 4062 421 4116 trib.
444 4058 514 4130 pleb.
538 4062 619 4126 atqua
642 4054 699 4123 ipse
721 4065 827 4121 qnoque
847 4049 895 4102 ad·
931 4049 1023 4116 Sergia
1031 4053 1059 4102 et
1068 4047 1394 4114 Quirinadamnasernnt.
1410 4045 1466 4098 Aa·

359 4155 453 4193 versus
473 4134 593 4188 Cimbros
612 4146 669 4184 rem
684 4131 754 4183 male
770 4131 895 4196 gesserat.
932 4141 996 4181 con.
1066 4155 1068 4166 ι

362 4214 607 4282 Quamoboansam
613 4209 816 4263 Domitinseum
823 4205 895 4274 apud
965 4202 1111 4277 Tespolius]
1128 4205 1193 4258 Post
1206 4203 1345 4256 iniraotam
1355 4200 1468 4254 tribuni-

361 4295 491 4368 popnlnm
518 4289 678 4343 accusabat:
707 4285 896 4340 criminabamr
933 4280 1470 4352 dampotestatemasyllaanterostitu-

360 4373 541 4427 beilumeurn
556 4365 671 4421 Cimbris
686 4364 788 4432 injussu
804 4361 897 4432 populi
933 4357 1084 4415 tam‘aCn.
1097 4362 1233 4430 Pompeio,
1250 4362 1369 4429 apparet.
1404 4356 1470 4412 Fuit

247 4463 253 4483 ¹
361 4438 484 4521 gessisse,
500 4447 582 4516 idque
593 4443 752 4516 principium
762 4441 842 4494 inisse
853 4457 898 4494 oa·
934 4443 1024 4493 autem
1035 4439 1058 4490 is
1069 4439 1190 4492 tribunus
1201 4437 1272 4508 pleb.
1283 4442 1346 4490 ante
1357 4449 1411 4490 xrr.
1423 4449 1472 4488 sn-

363 4526 523 4590 iamitatum,
531 4539 601 4595 quas
611 4519 842 4590 eobeilopopnius
853 4534 897 4572 ae·
934 4533 991 4583 nos,
1008 4517 1043 4594 D.
1056 4517 1150 4584 Bruto,
1171 4520 1199 4570 et
1213 4515 1256 4570 M.
1274 4513 1380 4583 lepido
1393 4515 1471 4567 coes.

363 4603 493 4670 sepnntz
509 4602 588 4654 aede
599 4615 632 4654 eo
648 4599 774 4684 tabellam
789 4611 897 4667 qnoque
935 4595 985 4649 Cn.
1005 4595 1140 4662 Domitius
1159 4595 1283 4676 tribunus
1302 4591 1388 4649 inerat
1408 4597 1473 4646 ante
