3234 5217
322 377 395 444 oto
635 331 1102 430 snruosorurcoauu

326 521 451 592 quedam
462 536 548 575 rerum
557 521 855 593 inanimatorumexpri-
890 521 951 574 dam
969 523 998 575 in
1013 519 1125 575 diceudo
1139 517 1287 573 obscuritas
1302 517 1420 573 delecta-

326 600 415 654 mitur.
448 600 534 655 Iners.
655 627 659 635 ·
890 605 946 656 ret:
964 606 1092 652 mantem
1102 599 1317 667 solerequaercre,
1330 615 1420 651 cuma

361 677 438 729 Herse
448 675 579 749 Cressam]
597 677 683 731 Crassi
694 679 855 745 exemplum,
891 678 1003 748 negotiis
1014 677 1126 745 publicis
1137 676 1307 739 discessisset,
1316 692 1368 728 nou
1377 693 1419 737 ea,

328 770 408 823 quem
418 755 455 806 ait
471 755 506 807 ad
523 755 695 808 imitationem
711 756 753 807 sui
771 756 799 807 iu
817 756 858 808 di·
874 807 879 818 ,
893 758 988 825 quibus
1001 755 1148 826 intenderet
1163 755 1290 820 animum,
1304 755 1351 807 sed
1361 756 1420 823 qui-

328 833 413 885 oendo
433 833 609 895 contendisse,
630 833 664 886 ad
686 834 800 886 eundem
823 833 858 885 de
892 835 1090 887 husrelaxaret.
1125 833 1220 885 sraoe.
1360 863 1363 872 .

330 910 480 978 eloquentia
501 926 647 963 sermonem
669 912 798 979 pertinet,
813 909 856 963 M.
927 911 992 972 Quis
1005 907 1100 981 worm]
1128 909 1250 976 Sigonius
1267 909 1344 978 legit:
1361 927 1419 980 qua

332 992 420 1039 autem
449 987 580 1050 Crassum,
607 989 657 1042 Cn.
675 990 794 1058 Pompeii
815 987 857 1041 Μ.
893 1008 943 1045 esse
954 989 1024 1042 beatu
1035 987 1141 1041 solitudo
1151 989 1243 1057 peut?

332 1065 466 1126 aemulum,
487 1065 616 1134 intelligit,
638 1083 719 1135 quem
739 1067 803 1120 item
830 1067 858 1118 in
930 1069 1103 1141 Eloquentiam
1120 1065 1195 1128 tam]
1224 1065 1293 1118 Haec
1306 1067 1418 1119 suntvel

332 1141 418 1194 Bruto
435 1143 468 1206 Q.
481 1143 616 1196 Hortensii
629 1146 759 1213 aequalem
771 1148 858 1198 vocat.
894 1147 983 1200 Catuli
1005 1143 1196 1214 respondentis,
1217 1143 1259 1196 vel
1279 1143 1420 1196 Ciceronis.

333 1216 414 1280 Quod
430 1223 520 1272 autem
536 1221 579 1273 hic
596 1220 642 1283 ait,
659 1238 720 1274 eum
734 1222 805 1274 lente
820 1221 860 1274 di·
896 1225 940 1279 Ex
960 1225 1055 1293 quibus
1078 1224 1194 1290 apparet,
1216 1223 1347 1289 superiore
1369 1237 1422 1272 ses·

332 1311 394 1348 cese
412 1298 527 1364 solitum,
548 1299 671 1352 conuenit
692 1314 753 1351 cum
773 1299 860 1352 verbis
896 1319 973 1355 mone
985 1299 1162 1369 eloquentiam
1180 1298 1214 1350 ah
1230 1298 1372 1351 Hortensio
1383 1299 1423 1351 ui-

332 1373 399 1440 ejus,
420 1391 481 1443 quae
503 1385 565 1448 sunt
585 1377 614 1429 iu
635 1377 721 1430 Bruto
747 1378 781 1430 de
802 1377 862 1445 ipso
895 1376 1423 1444 misanxieesselaudaturn,qnodartem

272 1441 284 1460 ⁸
334 1451 438 1518 Crasso,
458 1454 548 1507 Animi
569 1469 669 1526 mageo,
691 1457 756 1510 sons
778 1471 861 1527 poma
896 1445 971 1510 inem
982 1454 1186 1510 commendaret.
1221 1453 1304 1506 lusu.

333 1531 472 1588 munao.-
487 1532 678 1604 omniasemel
688 1533 813 1599 simitum
823 1543 862 1587 st·
932 1533 985 1596 Qui
997 1551 1054 1587 cem
1070 1532 1141 1585 lodie
1158 1531 1247 1584 bellura
1257 1548 1312 1583 nem
1325 1539 1426 1583 moneo

333 1611 679 1680 qseuaomododieereatsr.
713 1611 799 1665 lours.
894 1615 998 1684 gerent]
1024 1611 1092 1662 llaec
1110 1609 1190 1661 verba
1207 1613 1298 1662 contra
1311 1607 1431 1660 historias·

370 1685 443 1749 Utri,
459 1687 504 1756 qui
515 1687 763 1759 pnspsresssolw]
781 1688 877 1742 Hanc.
897 1690 1014 1744 studium
1032 1687 1153 1740 rideatur
1172 1687 1286 1756 prolata:
1304 1687 1374 1754 quod
1389 1687 1426 1738 sit

334 1763 532 1818 similitudinem
543 1767 634 1819 nescio
652 1783 687 1819 an
704 1767 863 1820 Hortensius
898 1768 1073 1836 periculosum
1086 1763 1219 1816 historiam
1231 1763 1347 1826 scrihere,
1357 1779 1423 1815 oum

336 1842 461 1907 attulerit,
470 1859 503 1894 aa
513 1859 547 1894 ex
558 1844 591 1896 iis
600 1859 678 1908 unua
689 1845 735 1913 qui
748 1844 864 1897 Horten·
898 1845 977 1898 etiarn
989 1842 1084 1910 posteri
1095 1857 1157 1894 cum
1168 1841 1293 1894 historicis
1304 1841 1422 1904 mortuis,

336 1920 376 1972 sio
391 1921 580 1988 repugnabant.
616 1921 658 1973 Ea
672 1937 735 1973 vero
752 1922 864 1976 docetur
898 1923 920 1975 si
938 1921 1002 1991 quid
1022 1921 1049 1972 in
1067 1919 1209 1985 majoribus
1222 1919 1274 1970 suis
1291 1917 1424 1985 vitupera-

336 2001 400 2050 suto
410 1998 511 2049 animos
525 2001 626 2049 nostros
637 1998 801 2064 elegantibus
811 1999 866 2051 elo-
898 2006 964 2062 rent,
978 1997 1075 2050 bellum
1087 2001 1187 2064 gerant.
1221 1997 1306 2060 Quam
1317 2000 1425 2047 senten-

337 2076 453 2142 qucntiae
464 2075 558 2128 studiis
565 2075 731 2141 imbuendos,
740 2092 820 2145 quarn
829 2077 864 2129 sd
898 2077 970 2135 bam,
981 2090 1014 2126 ne
1025 2075 1082 2144 ipsc
1094 2074 1236 2127 somniasse
1247 2074 1341 2137 uidear,
1350 2073 1425 2126 unde

338 2151 456 2221 gratim
467 2151 521 2204 ulla
532 2153 668 2222 sapientiae
686 2155 777 2206 studia
788 2170 865 2208 soce·
899 2154 1052 2222 acceperim,
1074 2153 1220 2205 ostendam.
1261 2152 1349 2204 Docet
1373 2151 1426 2204 hoc

337 2228 440 2282 murus.
474 2229 558 2283 Iners.
897 2232 1045 2286 Trebellius
1061 2230 1145 2283 Pollio
1163 2231 1191 2282 in
1211 2229 1342 2294 Salonino,
1361 2245 1425 2281 cum

374 2307 486 2360 Uteains
500 2307 607 2378 segetes]
633 2308 704 2361 Haec
722 2309 866 2363 similitudo
899 2313 952 2366 sit:
971 2310 1030 2362 Huc
1042 2309 1143 2370 eceertit,
1155 2307 1428 2379 qwdpredametians

338 2386 433 2440 eodem
452 2385 570 2450 tortasse,
586 2403 639 2456 quo
656 2389 781 2455 superios,
800 2387 868 2441 rete-
898 2388 1004 2444 studiose
1019 2387 1179 2458 palumbi,
1200 2403 1232 2439 ae
1257 2385 1312 2456 ejus
1330 2386 1427 2454 posto-i

306 2529 313 2535 ,
337 2464 419 2518 sends
436 2467 492 2516 est:
510 2469 540 2516 ut
555 2470 658 2530 segetes
668 2466 867 2532 sntesnbiguu·
900 2466 985 2520 metm
1001 2464 1074 2517 rebus
1090 2465 1164 2518 editis
1181 2463 1338 2517 ladmenser.
1372 2461 1433 2516 Srr‘s

337 2546 382 2595 tur
392 2541 490 2607 mnis,
501 2557 582 2610 quam
592 2558 682 2595 semen
697 2543 736 2595 eis
746 2545 867 2596 commit·
899 2544 964 2597 eninr
974 2543 1035 2613 ipse,
1047 2540 1132 2612 quake
1143 2542 1251 2594 homines
1261 2559 1318 2594 eam
1327 2541 1367 2604 s's's,
1383 2540 1430 2610 qui

336 2623 424 2683 tatur3
442 2619 731 2673 sicanimoshominum'
739 2626 867 2674 anteesse
898 2620 983 2690 eliqua
1000 2621 1030 2672 de
1045 2618 1154 2672 moribus
1168 2637 1253 2672 emron
1270 2619 1426 2689 scripserint,

338 2697 496 2766 eloquentia,
506 2713 586 2764 quam
599 2698 728 2765 sapientis
741 2698 868 2752 excolen·
899 2708 1019 2769 quantuni
1036 2708 1128 2768 gerara
1146 2695 1256 2758 bellum
1279 2713 1324 2748 aec
1341 2697 1431 2766 ignote

338 2775 395 2828 dos.
422 2774 506 2840 Cujus
516 2774 694 2828 similitudinis
705 2791 758 2827 non
768 2777 866 2829 oblitus
900 2793 950 2829 esse
959 2775 1219 2844 ermeneumata
1237 2773 1429 2828 Manuos„

339 2853 408 2904 dixit
418 2853 800 2908 etiamiulibrisdeOratore:
817 2854 867 2907 Su·
901 2853 1045 2916 Hortensio,
1062 2871 1134 2922 quem
1152 2854 1187 2906 sd
1203 2849 1340 2922 exemplum
1357 2853 1429 2904 Pro·
1466 2876 1471 2886 ·

340 2930 410 2986 bauo
425 2930 488 2982 mitt
501 2930 603 3000 ingenie
618 2949 679 3001 opus
696 2942 741 2994 est,
757 2943 786 2986 st
801 2950 867 3004 egro
901 2932 1001 3002 trepties'
1010 2932 1121 3001 scripsit.
1155 2931 1241 2984 lours.

227 3064 231 3071 ,
339 3006 866 3075 aonsemelcrcto,sedsoseto,etiteraeo.
935 3009 1071 3062 Facessoat
1085 3009 1168 3079 igitur
1180 3005 1273 3069 omnes]
1295 3009 1428 3064 Nimirum

338 3085 424 3142 Iners.
902 3087 930 3139 in
943 3086 1112 3138 Hortensium
1131 3087 1188 3138 haec
1207 3087 1278 3139 dicta
1296 3092 1363 3150 sunt,
1381 3089 1430 3156 qui

374 3162 870 3234 Autillreoposspossrius‚sut1s'phoro
902 3163 1066 3232 vituperabat
1087 3164 1275 3232 philosophiam
1293 3165 1354 3217 vitae
1374 3181 1431 3218 ma·

339 3241 434 3306 andro,
454 3240 510 3310 dic]
534 3243 578 3294 Sic
598 3243 748 3309 tegendum,
767 3259 822 3294 non
838 3248 868 3295 ut
902 3243 1020 3308 gistrarn.
1053 3243 1212 3295 laeandem
1221 3243 1378 3295 sententiam
1390 3247 1433 3297 est

339 3317 428 3384 vulgo,
449 3327 495 3370 esst
514 3319 686 3389 Theoplasto
706 3320 799 3384 nuiss,
824 3324 866 3386 de.
903 3321 968 3373 illud
984 3321 1073 3373 Catuli
1088 3321 1176 3385 etiam,
1189 3321 1379 3389 dequosupra
1394 3337 1430 3374 ex

341 3395 414 3458 Quid
436 3397 505 3447 enim
528 3395 684 3468 Ttemmpo
705 3413 767 3452 euro
787 3397 868 3450 Tiso·
904 3399 1043 3453 Lactantio
1052 3400 1181 3452 diximus:
1199 3400 1279 3468 quiin
1289 3399 1432 3452 Hortensio

236 3527 240 3536 ,
339 3473 609 3545 plessiacommuuel
633 3476 687 3527 Hic
703 3476 818 3543 loqrritur
834 3477 868 3528 de
904 3478 981 3541 dixit,
991 3475 1064 3530 molle
1074 3495 1100 3529 se
1105 3495 1213 3546 pureum
1224 3495 1300 3530 naam
1310 3478 1429 3544 iterafficto

339 3551 477 3606 historicis
494 3552 690 3621 'theophrastus
699 3554 868 3622 philosophus
903 3553 1019 3620 libeuum,
1037 3573 1112 3624 quem
1133 3553 1233 3626 longum
1251 3572 1300 3625 pro
1317 3555 1433 3608 seditioso

338 3633 388 3682 est.
396 3629 869 3702 Praeteressetuacodexhauoesnen-
904 3632 999 3686 ioniae
1009 3633 1123 3687 Cornelio
1133 3633 1277 3686 mationem.
1311 3633 1395 3686 lustra

340 3709 477 3762 datiuum
485 3706 601 3775 idjurat,
619 3714 699 3778 atque
717 3709 784 3762 adeo
796 3725 870 3762 com·
939 3705 1278 3783 consempiternus]
1296 3713 1385 3763 Acuta
1396 3713 1432 3764 si-

339 3788 441 3858 probat,
452 3787 479 3838 in
490 3788 656 3856 quolegitur,
666 3787 794 3856 Esptoro.
824 3788 868 3840 Sic
884 3849 887 3854 ἱ
903 3788 1051 3840 militudine
1070 3789 1196 3851 ostendit,
1211 3788 1233 3841 si
1250 3792 1336 3858 partes
1356 3805 1437 3855 asgu-

340 3867 385 3920 lib.
392 3864 432 3918 11.
440 3866 474 3918 de
481 3863 554 3918 Orat.
563 3865 598 3916 ad
606 3865 639 3928 Q.
647 3865 773 3938 Fratrem,
781 3864 869 3916 Theo-
905 3865 1072 3919 mentatiouis
1083 3865 1242 3935 approbavit,
1254 3870 1337 3919 totum
1349 3867 1434 3921 etiam

339 3945 522 4010 pompum‘et
546 3941 684 4009 Ephorum
705 3940 869 4005 conjunctim
904 3945 1165 4012 approbaredchere.
1199 3943 1286 3997 lnnrr.

340 4024 536 4079 commemorat,
545 4020 580 4071 de
589 4018 697 4072 historia
712 4018 830 4087 loquens,
841 4021 869 4070 et
939 4021 1029 4092 Iteqrse
1045 4023 1091 4075 sits*
1106 4018 1220 4094 macedo]
1249 4020 1292 4074 De
1307 4021 1357 4076 hoc
1373 4024 1442 4076 loco.

262 4113 264 4117 ’
340 4097 592 4152 hutoncosGraecos
600 4111 765 4150 enumerans.
777 4097 868 4150 Laus.
904 4097 963 4165 lege
980 4115 1040 4168 quae
1061 4100 1165 4167 scripsit
1182 4099 1276 4152 Petrus
1293 4099 1434 4154 Victorius

375 4173 559 4244 Magmetr'oss
567 4174 646 4226 saissa
654 4170 788 4244 euerso]
805 4173 868 4225 Hoc
904 4174 949 4228 lib.
961 4175 997 4230 V.
1009 4192 1034 4230 c.
1045 4181 1086 4230 13.
1097 4177 1167 4230 var.
1176 4177 1253 4231 Lect.
1289 4177 1403 4231 Persic.

342 4252 446 4306 ridetur
463 4252 599 4306 Hortensii
615 4255 806 4319 argumentum,
823 4249 870 4304 bo-
938 4253 984 4308 An
994 4272 1050 4307 eum
1060 4255 1152 4319 mmet]
1181 4254 1346 4322 Loqueutem
1354 4253 1438 4319 justi·

339 4331 424 4382 mines
439 4344 457 4379 a
473 4329 642 4397 philosophie
659 4329 746 4381 studio
757 4343 867 4380 asocan
903 4323 968 4382 tiam
977 4331 1082 4384 ridetur
1097 4333 1230 4394 inducere,
1242 4347 1302 4399 quae
1317 4332 1397 4392 dicat,
1409 4334 1434 4386 si

340 4409 393 4469 tis;
409 4407 481 4474 quod
498 4406 606 4458 nimiam
625 4407 705 4458 animi
723 4407 870 4459 contentio·
903 4407 961 4474 ipsa
981 4423 1042 4460 crans
1064 4410 1167 4462 caeteris
1187 4409 1324 4462 virtutihus
1345 4413 1433 4463 rotans

339 4497 402 4535 uem
413 4481 624 4550 pbilosophorum
642 4484 784 4550 explicatio
800 4484 869 4535 desi·
903 4488 1248 4549 tormentorum‘esoendat,
1269 4501 1304 4539 ue
1324 4487 1433 4541 Mam

341 4559 868 4634 ssmret,quippequosincredibilisquae-
903 4564 1010 4634 quidem
1027 4565 1111 4634 ipsam
1126 4567 1208 4620 sitam
1223 4581 1252 4618 se
1263 4565 1359 4620 debere
1371 4566 1435 4619 asb-
