<?xml version="1.0" encoding="UTF-8"?>
<!DOCTYPE html PUBLIC "-//W3C//DTD XHTML 1.0 Transitional//EN"
    "http://www.w3.org/TR/xhtml1/DTD/xhtml1-transitional.dtd">
<html xmlns="http://www.w3.org/1999/xhtml" xml:lang="en" lang="en">
 <head>
  <title>
</title>
<meta http-equiv="Content-Type" content="text/html;charset=utf-8" />
  <meta name='ocr-system' content='tesseract 3.04.00' />
  <meta name='ocr-capabilities' content='ocr_page ocr_carea ocr_par ocr_line ocrx_word'/>
</head>
<body>
  <div class='ocr_page' id='page_1' title='image "./delectuscomment01ernegoog/delectuscomment01ernegoog_0377.png"; bbox 0 0 3234 5217; ppageno 0'>
   <div class='ocr_carea' id='block_1_1' title="bbox 617 367 1328 484">
    <p class='ocr_par' dir='ltr' id='par_1_1' title="bbox 617 367 1328 484">
     <span class='ocr_line' id='line_1_1' title="bbox 617 367 1328 484; baseline 0 -39"><span class='ocrx_word' id='word_1_1' title='bbox 617 379 929 447; x_wconf 72' lang='lat' dir='ltr'>aasumensi.</span> <span class='ocrx_word' id='word_1_2' title='bbox 1009 475 1012 484; x_wconf 56' lang='lat'>.</span> <span class='ocrx_word' id='word_1_3' title='bbox 1255 367 1328 461; x_wconf 72' lang='lat'>399</span> 
     </span>
    </p>
   </div>
   <div class='ocr_carea' id='block_1_2' title="bbox 202 532 1325 1076">
    <p class='ocr_par' dir='ltr' id='par_1_2' title="bbox 202 532 1325 1076">
     <span class='ocr_line' id='line_1_2' title="bbox 204 532 1325 614; baseline 0.004 -23"><span class='ocrx_word' id='word_1_4' title='bbox 204 537 305 608; x_wconf 68' lang='lat' dir='ltr'>aliquid</span> <span class='ocrx_word' id='word_1_5' title='bbox 322 536 519 602; x_wconf 65' lang='lat' dir='ltr'>emendaremus</span> <span class='ocrx_word' id='word_1_6' title='bbox 530 532 620 590; x_wconf 69' lang='lat' dir='ltr'>Cicero</span> <span class='ocrx_word' id='word_1_7' title='bbox 637 534 668 591; x_wconf 83' lang='lat' dir='ltr'>de</span> <span class='ocrx_word' id='word_1_8' title='bbox 684 554 746 610; x_wconf 80' lang='lat' dir='ltr'>rege</span> <span class='ocrx_word' id='word_1_9' title='bbox 783 537 855 592; x_wconf 89' lang='lat' dir='ltr'>nelio</span> <span class='ocrx_word' id='word_1_10' title='bbox 873 537 1000 602; x_wconf 79' lang='lat' dir='ltr'>Lentulo,</span> <span class='ocrx_word' id='word_1_11' title='bbox 1020 537 1052 592; x_wconf 91' lang='lat' dir='ltr'>L.</span> <span class='ocrx_word' id='word_1_12' title='bbox 1072 539 1178 594; x_wconf 88' lang='lat' dir='ltr'>Marcio</span> <span class='ocrx_word' id='word_1_13' title='bbox 1200 539 1325 614; x_wconf 88' lang='lat' dir='ltr'>Philippo</span> 
     </span>
     <span class='ocr_line' id='line_1_3' title="bbox 204 615 1325 687; baseline 0.001 -16"><span class='ocrx_word' id='word_1_14' title='bbox 204 615 392 671; x_wconf 70' lang='lat' dir='ltr'>Alexandrino.</span> <span class='ocrx_word' id='word_1_15' title='bbox 428 616 498 669; x_wconf 88' lang='lat' dir='ltr'>Eam</span> <span class='ocrx_word' id='word_1_16' title='bbox 510 632 574 670; x_wconf 86' lang='lat' dir='ltr'>vero</span> <span class='ocrx_word' id='word_1_17' title='bbox 592 615 626 668; x_wconf 86' lang='lat' dir='ltr'>de</span> <span class='ocrx_word' id='word_1_18' title='bbox 640 615 746 669; x_wconf 87' lang='lat' dir='ltr'>restitu-</span> <span class='ocrx_word' id='word_1_19' title='bbox 783 615 860 672; x_wconf 77' lang='lat' dir='ltr'>Coss.</span> <span class='ocrx_word' id='word_1_20' title='bbox 869 621 901 670; x_wconf 88' lang='lat' dir='ltr'>ut</span> <span class='ocrx_word' id='word_1_21' title='bbox 908 621 984 687; x_wconf 89' lang='lat' dir='ltr'>patet</span> <span class='ocrx_word' id='word_1_22' title='bbox 993 621 1021 669; x_wconf 89' lang='lat' dir='ltr'>et</span> <span class='ocrx_word' id='word_1_23' title='bbox 1028 618 1140 685; x_wconf 85' lang='lat' dir='ltr'>epistola</span> <span class='ocrx_word' id='word_1_24' title='bbox 1151 619 1175 673; x_wconf 94' lang='lat' dir='ltr'>I.</span> <span class='ocrx_word' id='word_1_25' title='bbox 1187 621 1221 673; x_wconf 88' lang='lat' dir='ltr'>ad</span> <span class='ocrx_word' id='word_1_26' title='bbox 1233 620 1325 674; x_wconf 85' lang='lat' dir='ltr'>Fami·</span> 
     </span>
     <span class='ocr_line' id='line_1_4' title="bbox 204 691 1322 752; baseline 0.004 -4"><span class='ocrx_word' id='word_1_27' title='bbox 204 695 276 749; x_wconf 81' lang='lat' dir='ltr'>endo</span> <span class='ocrx_word' id='word_1_28' title='bbox 287 691 426 749; x_wconf 78' lang='lat' dir='ltr'>Ptolemaeo</span> <span class='ocrx_word' id='word_1_29' title='bbox 439 692 528 748; x_wconf 75' lang='lat' dir='ltr'>dolete</span> <span class='ocrx_word' id='word_1_30' title='bbox 535 693 618 746; x_wconf 78' lang='lat' dir='ltr'>titisse</span> <span class='ocrx_word' id='word_1_31' title='bbox 628 693 747 746; x_wconf 87' lang='lat' dir='ltr'>credide-</span> <span class='ocrx_word' id='word_1_32' title='bbox 781 695 869 750; x_wconf 88' lang='lat' dir='ltr'>liarcs.</span> <span class='ocrx_word' id='word_1_33' title='bbox 888 696 986 749; x_wconf 90' lang='lat' dir='ltr'>Scribit</span> <span class='ocrx_word' id='word_1_34' title='bbox 997 696 1070 748; x_wconf 87' lang='lat' dir='ltr'>enim</span> <span class='ocrx_word' id='word_1_35' title='bbox 1083 697 1178 750; x_wconf 86' lang='lat' dir='ltr'>dehac</span> <span class='ocrx_word' id='word_1_36' title='bbox 1197 715 1224 751; x_wconf 89' lang='lat' dir='ltr'>re</span> <span class='ocrx_word' id='word_1_37' title='bbox 1242 701 1277 751; x_wconf 88' lang='lat' dir='ltr'>ad</span> <span class='ocrx_word' id='word_1_38' title='bbox 1289 699 1322 752; x_wconf 93' lang='lat' dir='ltr'>P.</span> 
     </span>
     <span class='ocr_line' id='line_1_5' title="bbox 202 772 1325 844; baseline 0.001 -16"><span class='ocrx_word' id='word_1_39' title='bbox 202 775 263 840; x_wconf 86' lang='lat' dir='ltr'>rim,</span> <span class='ocrx_word' id='word_1_40' title='bbox 274 791 337 828; x_wconf 89' lang='lat' dir='ltr'>cum</span> <span class='ocrx_word' id='word_1_41' title='bbox 352 790 412 828; x_wconf 85' lang='lat' dir='ltr'>eam</span> <span class='ocrx_word' id='word_1_42' title='bbox 430 773 614 827; x_wconf 88' lang='lat' dir='ltr'>reductionem</span> <span class='ocrx_word' id='word_1_43' title='bbox 630 772 661 826; x_wconf 90' lang='lat' dir='ltr'>P.</span> <span class='ocrx_word' id='word_1_44' title='bbox 673 773 746 825; x_wconf 90' lang='lat' dir='ltr'>Len-</span> <span class='ocrx_word' id='word_1_45' title='bbox 783 774 940 838; x_wconf 87' lang='lat' dir='ltr'>Lentulum,</span> <span class='ocrx_word' id='word_1_46' title='bbox 950 778 1009 826; x_wconf 88' lang='lat' dir='ltr'>tum</span> <span class='ocrx_word' id='word_1_47' title='bbox 1019 773 1122 826; x_wconf 85' lang='lat' dir='ltr'>Ciliciae</span> <span class='ocrx_word' id='word_1_48' title='bbox 1131 791 1232 844; x_wconf 87' lang='lat' dir='ltr'>procos.</span> <span class='ocrx_word' id='word_1_49' title='bbox 1242 777 1325 830; x_wconf 86' lang='lat' dir='ltr'>Men-</span> 
     </span>
     <span class='ocr_line' id='line_1_6' title="bbox 202 850 1324 922; baseline 0 -15"><span class='ocrx_word' id='word_1_50' title='bbox 202 854 261 907; x_wconf 89' lang='lat' dir='ltr'>tulo</span> <span class='ocrx_word' id='word_1_51' title='bbox 270 854 374 907; x_wconf 74' lang='lat' dir='ltr'>Ciliciae</span> <span class='ocrx_word' id='word_1_52' title='bbox 383 854 544 922; x_wconf 79' lang='lat' dir='ltr'><strong>proconsule</strong></span> <span class='ocrx_word' id='word_1_53' title='bbox 553 867 603 904; x_wconf 86' lang='lat' dir='ltr'>sua</span> <span class='ocrx_word' id='word_1_54' title='bbox 612 850 746 902; x_wconf 86' lang='lat' dir='ltr'>sententia</span> <span class='ocrx_word' id='word_1_55' title='bbox 781 853 823 905; x_wconf 91' lang='lat' dir='ltr'>tio</span> <span class='ocrx_word' id='word_1_56' title='bbox 836 852 1070 915; x_wconf 68' lang='lat' dir='ltr'>memorationis,</span> <span class='ocrx_word' id='word_1_57' title='bbox 1082 858 1111 904; x_wconf 91' lang='lat' dir='ltr'>ct</span> <span class='ocrx_word' id='word_1_58' title='bbox 1121 851 1270 920; x_wconf 73' lang='lat' dir='ltr'>fragmenti,</span> <span class='ocrx_word' id='word_1_59' title='bbox 1282 858 1324 908; x_wconf 84' lang='lat' dir='ltr'>cst</span> 
     </span>
     <span class='ocr_line' id='line_1_7' title="bbox 203 927 1322 1000; baseline -0.002 -14"><span class='ocrx_word' id='word_1_60' title='bbox 203 932 373 996; x_wconf 54' lang='lat' dir='ltr'>decernerem</span> <span class='ocrx_word' id='word_1_61' title='bbox 391 931 494 1000; x_wconf 88' lang='lat' dir='ltr'>utipse</span> <span class='ocrx_word' id='word_1_62' title='bbox 505 927 634 982; x_wconf 87' lang='lat' dir='ltr'>scribitin</span> <span class='ocrx_word' id='word_1_63' title='bbox 646 929 746 997; x_wconf 83' lang='lat' dir='ltr'>episto·</span> <span class='ocrx_word' id='word_1_64' title='bbox 782 931 865 982; x_wconf 89' lang='lat' dir='ltr'>etiam</span> <span class='ocrx_word' id='word_1_65' title='bbox 885 930 957 998; x_wconf 88' lang='lat' dir='ltr'>apud</span> <span class='ocrx_word' id='word_1_66' title='bbox 975 930 1123 997; x_wconf 85' lang='lat' dir='ltr'>Capellam,</span> <span class='ocrx_word' id='word_1_67' title='bbox 1145 930 1193 982; x_wconf 92' lang='lat' dir='ltr'>ubi</span> <span class='ocrx_word' id='word_1_68' title='bbox 1216 931 1271 1000; x_wconf 77' lang='lat' dir='ltr'>agit</span> <span class='ocrx_word' id='word_1_69' title='bbox 1287 931 1322 984; x_wconf 83' lang='lat' dir='ltr'>dc</span> 
     </span>
     <span class='ocr_line' id='line_1_8' title="bbox 202 1007 1239 1076; baseline -0.002 -11"><span class='ocrx_word' id='word_1_70' title='bbox 202 1009 245 1065; x_wconf 91' lang='lat' dir='ltr'>lis.</span> <span class='ocrx_word' id='word_1_71' title='bbox 263 1012 360 1066; x_wconf 79' lang='lat' dir='ltr'>Sicos.</span> <span class='ocrx_word' id='word_1_72' title='bbox 372 1008 610 1064; x_wconf 83' lang='lat' dir='ltr'>Haecfuitbabita</span> <span class='ocrx_word' id='word_1_73' title='bbox 620 1007 745 1062; x_wconf 75' lang='lat' dir='ltr'>(incor-</span> <span class='ocrx_word' id='word_1_74' title='bbox 781 1009 873 1076; x_wconf 85' lang='lat' dir='ltr'>liguris</span> <span class='ocrx_word' id='word_1_75' title='bbox 885 1009 1086 1063; x_wconf 87' lang='lat' dir='ltr'>sententiarum.</span> <span class='ocrx_word' id='word_1_76' title='bbox 1121 1010 1239 1063; x_wconf 66' lang='lat' dir='ltr'>Persic.</span> 
     </span>
    </p>
   </div>
   <div class='ocr_carea' id='block_1_3' title="bbox 606 1177 986 1246">
    <p class='ocr_par' dir='ltr' id='par_1_3' title="bbox 606 1177 986 1246">
     <span class='ocr_line' id='line_1_9' title="bbox 606 1177 986 1246; baseline -0.011 -2"><span class='ocrx_word' id='word_1_77' title='bbox 606 1189 683 1244; x_wconf 81' lang='lat' dir='ltr'>nno</span> <span class='ocrx_word' id='word_1_78' title='bbox 701 1191 734 1244; x_wconf 87' lang='lat' dir='ltr'>P.</span> <span class='ocrx_word' id='word_1_79' title='bbox 745 1177 921 1246; x_wconf 75' lang='lat' dir='ltr'>variano.</span> <span class='ocrx_word' id='word_1_80' title='bbox 983 1235 986 1240; x_wconf 86' lang='lat'>.</span> 
     </span>
    </p>
   </div>
   <div class='ocr_carea' id='block_1_4' title="bbox 197 1300 1335 1946">
    <p class='ocr_par' dir='ltr' id='par_1_4' title="bbox 197 1300 1335 1941">
     <span class='ocr_line' id='line_1_10' title="bbox 235 1300 1335 1390; baseline -0.005 -10"><span class='ocrx_word' id='word_1_81' title='bbox 235 1300 377 1380; x_wconf 73' lang='lat' dir='ltr'>vatinium</span> <span class='ocrx_word' id='word_1_82' title='bbox 389 1329 418 1378; x_wconf 89' lang='lat' dir='ltr'>et</span> <span class='ocrx_word' id='word_1_83' title='bbox 431 1327 589 1377; x_wconf 79' lang='lat' dir='ltr'>accusatum</span> <span class='ocrx_word' id='word_1_84' title='bbox 606 1323 697 1390; x_wconf 85' lang='lat' dir='ltr'>inisse,</span> <span class='ocrx_word' id='word_1_85' title='bbox 714 1327 743 1377; x_wconf 90' lang='lat' dir='ltr'>et</span> <span class='ocrx_word' id='word_1_86' title='bbox 778 1337 889 1376; x_wconf 88' lang='lat' dir='ltr'>causam</span> <span class='ocrx_word' id='word_1_87' title='bbox 903 1323 932 1375; x_wconf 91' lang='lat' dir='ltr'>in</span> <span class='ocrx_word' id='word_1_88' title='bbox 949 1322 1083 1376; x_wconf 81' lang='lat' dir='ltr'>Caesarem</span> <span class='ocrx_word' id='word_1_89' title='bbox 1100 1322 1219 1377; x_wconf 82' lang='lat' dir='ltr'>conterre</span> <span class='ocrx_word' id='word_1_90' title='bbox 1230 1322 1335 1376; x_wconf 77' lang='lat' dir='ltr'>videa-¹</span> 
     </span>
     <span class='ocr_line' id='line_1_11' title="bbox 201 1394 1322 1471; baseline -0.004 -14"><span class='ocrx_word' id='word_1_91' title='bbox 201 1394 667 1471; x_wconf 74' lang='lat' dir='ltr'>defensumamagnisiirisreperio.</span> <span class='ocrx_word' id='word_1_92' title='bbox 686 1402 742 1456; x_wconf 78' lang='lat' dir='ltr'>Ac·</span> <span class='ocrx_word' id='word_1_93' title='bbox 778 1405 822 1454; x_wconf 88' lang='lat' dir='ltr'>tur</span> <span class='ocrx_word' id='word_1_94' title='bbox 830 1403 888 1470; x_wconf 88' lang='lat' dir='ltr'>ipse</span> <span class='ocrx_word' id='word_1_95' title='bbox 896 1401 1000 1465; x_wconf 87' lang='lat' dir='ltr'>Cicero,</span> <span class='ocrx_word' id='word_1_96' title='bbox 1009 1418 1090 1471; x_wconf 89' lang='lat' dir='ltr'>quem</span> <span class='ocrx_word' id='word_1_97' title='bbox 1099 1401 1149 1454; x_wconf 86' lang='lat' dir='ltr'>sibi</span> <span class='ocrx_word' id='word_1_98' title='bbox 1159 1397 1322 1454; x_wconf 80' lang='lat' dir='ltr'>defendendi</span> 
     </span>
     <span class='ocr_line' id='line_1_12' title="bbox 201 1477 1319 1551; baseline -0.005 -15"><span class='ocrx_word' id='word_1_99' title='bbox 201 1485 324 1536; x_wconf 84' lang='lat' dir='ltr'>casatum</span> <span class='ocrx_word' id='word_1_100' title='bbox 341 1481 451 1550; x_wconf 87' lang='lat' dir='ltr'>quidem</span> <span class='ocrx_word' id='word_1_101' title='bbox 469 1497 486 1532; x_wconf 87' lang='lat' dir='ltr'>a</span> <span class='ocrx_word' id='word_1_102' title='bbox 504 1479 609 1532; x_wconf 88' lang='lat' dir='ltr'>Licinio</span> <span class='ocrx_word' id='word_1_103' title='bbox 627 1478 742 1551; x_wconf 85' lang='lat' dir='ltr'>primum</span> <span class='ocrx_word' id='word_1_104' title='bbox 778 1478 882 1532; x_wconf 75' lang='lat' dir='ltr'>Vatinii</span> <span class='ocrx_word' id='word_1_105' title='bbox 893 1484 1029 1532; x_wconf 78' lang='lat' dir='ltr'><strong>auctorem</strong></span> <span class='ocrx_word' id='word_1_106' title='bbox 1042 1479 1124 1532; x_wconf 84' lang='lat' dir='ltr'>luisse</span> <span class='ocrx_word' id='word_1_107' title='bbox 1136 1479 1228 1531; x_wconf 82' lang='lat' dir='ltr'>scribit</span> <span class='ocrx_word' id='word_1_108' title='bbox 1239 1479 1284 1532; x_wconf 90' lang='lat' dir='ltr'>lib.</span> <span class='ocrx_word' id='word_1_109' title='bbox 1295 1477 1319 1531; x_wconf 90' lang='lat'>1.</span> 
     </span>
     <span class='ocr_line' id='line_1_13' title="bbox 201 1556 1319 1628; baseline -0.004 -14"><span class='ocrx_word' id='word_1_110' title='bbox 201 1561 294 1626; x_wconf 84' lang='lat' dir='ltr'>Calvo,</span> <span class='ocrx_word' id='word_1_111' title='bbox 314 1559 399 1612; x_wconf 88' lang='lat' dir='ltr'>nobili</span> <span class='ocrx_word' id='word_1_112' title='bbox 421 1559 467 1610; x_wconf 89' lang='lat' dir='ltr'>illa</span> <span class='ocrx_word' id='word_1_113' title='bbox 490 1558 604 1622; x_wconf 86' lang='lat' dir='ltr'>actione,</span> <span class='ocrx_word' id='word_1_114' title='bbox 630 1557 664 1608; x_wconf 92' lang='lat' dir='ltr'>de</span> <span class='ocrx_word' id='word_1_115' title='bbox 687 1575 742 1628; x_wconf 93' lang='lat' dir='ltr'>qua</span> <span class='ocrx_word' id='word_1_116' title='bbox 778 1558 856 1625; x_wconf 83' lang='lat' dir='ltr'>epist.</span> <span class='ocrx_word' id='word_1_117' title='bbox 883 1556 965 1610; x_wconf 87' lang='lat' dir='ltr'>famil.</span> <span class='ocrx_word' id='word_1_118' title='bbox 987 1558 1022 1608; x_wconf 89' lang='lat' dir='ltr'>ad</span> <span class='ocrx_word' id='word_1_119' title='bbox 1043 1557 1201 1622; x_wconf 86' lang='lat' dir='ltr'>Lentulum,</span> <span class='ocrx_word' id='word_1_120' title='bbox 1226 1561 1319 1609; x_wconf 89' lang='lat' dir='ltr'>tamen</span> 
     </span>
     <span class='ocr_line' id='line_1_14' title="bbox 200 1634 1320 1705; baseline -0.002 -16"><span class='ocrx_word' id='word_1_121' title='bbox 200 1637 279 1691; x_wconf 89' lang='lat' dir='ltr'>multi</span> <span class='ocrx_word' id='word_1_122' title='bbox 289 1636 412 1705; x_wconf 74' lang='lat' dir='ltr'>praeclari</span> <span class='ocrx_word' id='word_1_123' title='bbox 422 1638 545 1689; x_wconf 85' lang='lat' dir='ltr'>auctores</span> <span class='ocrx_word' id='word_1_124' title='bbox 553 1634 741 1702; x_wconf 86' lang='lat' dir='ltr'>meminerunt,</span> <span class='ocrx_word' id='word_1_125' title='bbox 779 1636 962 1700; x_wconf 83' lang='lat' dir='ltr'>Quintilianus</span> <span class='ocrx_word' id='word_1_126' title='bbox 973 1637 1010 1687; x_wconf 87' lang='lat' dir='ltr'>rei</span> <span class='ocrx_word' id='word_1_127' title='bbox 1018 1635 1078 1702; x_wconf 91' lang='lat' dir='ltr'>ipsi</span> <span class='ocrx_word' id='word_1_128' title='bbox 1086 1640 1114 1688; x_wconf 90' lang='lat' dir='ltr'>et</span> <span class='ocrx_word' id='word_1_129' title='bbox 1123 1635 1226 1688; x_wconf 81' lang='lat' dir='ltr'>veritati</span> <span class='ocrx_word' id='word_1_130' title='bbox 1235 1635 1320 1688; x_wconf 88' lang='lat' dir='ltr'>tribu·</span> 
     </span>
     <span class='ocr_line' id='line_1_15' title="bbox 198 1711 1318 1781; baseline -0.001 -14"><span class='ocrx_word' id='word_1_131' title='bbox 198 1715 319 1781; x_wconf 77' lang='lat' dir='ltr'>Tacitus,</span> <span class='ocrx_word' id='word_1_132' title='bbox 339 1713 471 1778; x_wconf 81' lang='lat' dir='ltr'>Catullus,</span> <span class='ocrx_word' id='word_1_133' title='bbox 493 1711 684 1778; x_wconf 82' lang='lat' dir='ltr'>Quintilianus,</span> <span class='ocrx_word' id='word_1_134' title='bbox 703 1715 741 1766; x_wconf 86' lang='lat' dir='ltr'>A·</span> <span class='ocrx_word' id='word_1_135' title='bbox 778 1715 873 1768; x_wconf 81' lang='lat' dir='ltr'>tamid</span> <span class='ocrx_word' id='word_1_136' title='bbox 885 1715 918 1767; x_wconf 91' lang='lat' dir='ltr'>ab</span> <span class='ocrx_word' id='word_1_137' title='bbox 931 1729 963 1766; x_wconf 91' lang='lat' dir='ltr'>co</span> <span class='ocrx_word' id='word_1_138' title='bbox 975 1713 1208 1781; x_wconf 81' lang='lat' dir='ltr'>surssesrnrlicat,</span> <span class='ocrx_word' id='word_1_139' title='bbox 1220 1713 1265 1766; x_wconf 91' lang='lat' dir='ltr'>bb</span> <span class='ocrx_word' id='word_1_140' title='bbox 1278 1713 1318 1766; x_wconf 86' lang='lat' dir='ltr'>lI.¹</span> 
     </span>
     <span class='ocr_line' id='line_1_16' title="bbox 198 1790 1318 1862; baseline 0 -17"><span class='ocrx_word' id='word_1_141' title='bbox 198 1793 281 1862; x_wconf 81' lang='lat' dir='ltr'>quila,</span> <span class='ocrx_word' id='word_1_142' title='bbox 297 1792 396 1855; x_wconf 84' lang='lat' dir='ltr'>caeteri,</span> <span class='ocrx_word' id='word_1_143' title='bbox 415 1806 484 1860; x_wconf 90' lang='lat' dir='ltr'>quos</span> <span class='ocrx_word' id='word_1_144' title='bbox 502 1804 552 1842; x_wconf 89' lang='lat' dir='ltr'>nos</span> <span class='ocrx_word' id='word_1_145' title='bbox 570 1790 599 1842; x_wconf 90' lang='lat' dir='ltr'>in</span> <span class='ocrx_word' id='word_1_146' title='bbox 614 1790 741 1858; x_wconf 83' lang='lat' dir='ltr'>epistolas</span> <span class='ocrx_word' id='word_1_147' title='bbox 777 1809 837 1861; x_wconf 91' lang='lat' dir='ltr'>cap.</span> <span class='ocrx_word' id='word_1_148' title='bbox 861 1799 884 1845; x_wconf 92' lang='lat' dir='ltr'>l.</span> <span class='ocrx_word' id='word_1_149' title='bbox 905 1809 968 1845; x_wconf 91' lang='lat' dir='ltr'>cum</span> <span class='ocrx_word' id='word_1_150' title='bbox 987 1792 1041 1845; x_wconf 91' lang='lat' dir='ltr'>ait:</span> <span class='ocrx_word' id='word_1_151' title='bbox 1059 1793 1141 1845; x_wconf 81' lang='lat' dir='ltr'>Decet</span> <span class='ocrx_word' id='word_1_152' title='bbox 1160 1810 1214 1845; x_wconf 84' lang='lat' dir='ltr'>rem</span> <span class='ocrx_word' id='word_1_153' title='bbox 1234 1792 1318 1861; x_wconf 82' lang='lat' dir='ltr'>ipsam</span> 
     </span>
     <span class='ocr_line' id='line_1_17' title="bbox 197 1869 1318 1946; baseline 0.002 -24"><span class='ocrx_word' id='word_1_154' title='bbox 197 1870 233 1922; x_wconf 90' lang='lat' dir='ltr'>ad</span> <span class='ocrx_word' id='word_1_155' title='bbox 243 1869 315 1922; x_wconf 89' lang='lat' dir='ltr'>bunc</span> <span class='ocrx_word' id='word_1_156' title='bbox 324 1869 437 1921; x_wconf 85' lang='lat' dir='ltr'>Calvum</span> <span class='ocrx_word' id='word_1_157' title='bbox 450 1886 466 1921; x_wconf 88' lang='lat' dir='ltr'>a</span> <span class='ocrx_word' id='word_1_158' title='bbox 478 1869 608 1921; x_wconf 78' lang='lat' dir='ltr'>Cicerone</span> <span class='ocrx_word' id='word_1_159' title='bbox 619 1869 740 1936; x_wconf 87' lang='lat' dir='ltr'>scriptas,</span> <span class='ocrx_word' id='word_1_160' title='bbox 774 1870 905 1940; x_wconf 80' lang='lat' dir='ltr'>probore&#39;</span> <span class='ocrx_word' id='word_1_161' title='bbox 895 1889 922 1923; x_wconf 88' lang='lat' dir='ltr'>m</span> <span class='ocrx_word' id='word_1_162' title='bbox 934 1869 1098 1946; x_wconf 72' lang='lat' dir='ltr'>qualicumque</span> <span class='ocrx_word' id='word_1_163' title='bbox 1105 1889 1222 1941; x_wconf 57' lang='lat' dir='ltr'>pesona.</span> <span class='ocrx_word' id='word_1_164' title='bbox 1239 1869 1318 1924; x_wconf 70' lang='lat' dir='ltr'>Dim</span> 
     </span>
    </p>
   </div>
   <div class='ocr_carea' id='block_1_5' title="bbox 89 1947 1317 2040">
    <p class='ocr_par' dir='ltr' id='par_1_5' title="bbox 89 1947 1317 2040">
     <span class='ocr_line' id='line_1_18' title="bbox 89 1947 1317 2040; baseline 0 -39"><span class='ocrx_word' id='word_1_165' title='bbox 89 2008 92 2015; x_wconf 44' lang='lat'>,</span> <span class='ocrx_word' id='word_1_166' title='bbox 197 1947 391 2040; x_wconf 74' lang='lat' dir='ltr'>intragmentis</span> <span class='ocrx_word' id='word_1_167' title='bbox 409 1948 584 2017; x_wconf 87' lang='lat' dir='ltr'>epistolarum</span> <span class='ocrx_word' id='word_1_168' title='bbox 603 1947 740 2000; x_wconf 87' lang='lat' dir='ltr'>adnotavi·</span> <span class='ocrx_word' id='word_1_169' title='bbox 777 1947 866 2000; x_wconf 67' lang='lat' dir='ltr'>dicero</span> <span class='ocrx_word' id='word_1_170' title='bbox 881 1942 1057 2019; x_wconf 83' lang='lat' dir='ltr'>proana&#39;nio,</span> <span class='ocrx_word' id='word_1_171' title='bbox 1069 1958 1094 2002; x_wconf 88' lang='lat' dir='ltr'>et</span> <span class='ocrx_word' id='word_1_172' title='bbox 1110 1949 1147 2002; x_wconf 92' lang='lat' dir='ltr'>P.</span> <span class='ocrx_word' id='word_1_173' title='bbox 1158 1948 1317 2003; x_wconf 81' lang='lat' dir='ltr'>Vatinioini·</span> 
     </span>
    </p>
   </div>
   <div class='ocr_carea' id='block_1_6' title="bbox 196 2025 1317 2254">
    <p class='ocr_par' dir='ltr' id='par_1_6' title="bbox 196 2025 1317 2254">
     <span class='ocr_line' id='line_1_19' title="bbox 196 2025 1317 2096; baseline -0.002 -16"><span class='ocrx_word' id='word_1_174' title='bbox 196 2043 258 2080; x_wconf 89' lang='lat' dir='ltr'>mus</span> <span class='ocrx_word' id='word_1_175' title='bbox 271 2029 387 2096; x_wconf 89' lang='lat' dir='ltr'>copiose.</span> <span class='ocrx_word' id='word_1_176' title='bbox 423 2025 531 2080; x_wconf 84' lang='lat' dir='ltr'>Deinde</span> <span class='ocrx_word' id='word_1_177' title='bbox 545 2041 609 2078; x_wconf 86' lang='lat' dir='ltr'>vero</span> <span class='ocrx_word' id='word_1_178' title='bbox 625 2027 740 2080; x_wconf 86' lang='lat' dir='ltr'>insecta·</span> <span class='ocrx_word' id='word_1_179' title='bbox 775 2027 918 2096; x_wconf 72' lang='lat' dir='ltr'>micnsimis</span> <span class='ocrx_word' id='word_1_180' title='bbox 935 2029 1008 2081; x_wconf 82' lang='lat' dir='ltr'>anteo</span> <span class='ocrx_word' id='word_1_181' title='bbox 1020 2027 1068 2081; x_wconf 82' lang='lat' dir='ltr'>sibi</span> <span class='ocrx_word' id='word_1_182' title='bbox 1084 2027 1233 2094; x_wconf 76' lang='lat' dir='ltr'>hominibus,</span> <span class='ocrx_word' id='word_1_183' title='bbox 1250 2037 1275 2081; x_wconf 82' lang='lat' dir='ltr'>et</span> <span class='ocrx_word' id='word_1_184' title='bbox 1288 2027 1317 2078; x_wconf 88' lang='lat' dir='ltr'>in</span> 
     </span>
     <span class='ocr_line' id='line_1_20' title="bbox 197 2104 1317 2178; baseline -0.001 -20"><span class='ocrx_word' id='word_1_185' title='bbox 197 2109 257 2158; x_wconf 88' lang='lat' dir='ltr'>tum</span> <span class='ocrx_word' id='word_1_186' title='bbox 266 2104 610 2176; x_wconf 81' lang='lat' dir='ltr'>quoqueaciceroneipso,</span> <span class='ocrx_word' id='word_1_187' title='bbox 620 2107 739 2157; x_wconf 78' lang='lat' dir='ltr'>oraboue</span> <span class='ocrx_word' id='word_1_188' title='bbox 775 2124 839 2176; x_wconf 80' lang='lat' dir='ltr'>qnos</span> <span class='ocrx_word' id='word_1_189' title='bbox 849 2107 974 2160; x_wconf 82' lang='lat' dir='ltr'>orationes</span> <span class='ocrx_word' id='word_1_190' title='bbox 983 2107 1058 2160; x_wconf 70' lang='lat' dir='ltr'>enam</span> <span class='ocrx_word' id='word_1_191' title='bbox 1067 2107 1213 2178; x_wconf 74' lang='lat' dir='ltr'>scripserat.</span> <span class='ocrx_word' id='word_1_192' title='bbox 1233 2105 1317 2176; x_wconf 84' lang='lat' dir='ltr'>Eqnt&#39;·</span> 
     </span>
     <span class='ocr_line' id='line_1_21' title="bbox 196 2183 1316 2254; baseline 0 -18"><span class='ocrx_word' id='word_1_193' title='bbox 196 2184 315 2253; x_wconf 80' lang='lat' dir='ltr'>quidem,</span> <span class='ocrx_word' id='word_1_194' title='bbox 331 2200 394 2253; x_wconf 88' lang='lat' dir='ltr'>quae</span> <span class='ocrx_word' id='word_1_195' title='bbox 412 2184 545 2252; x_wconf 82' lang='lat' dir='ltr'>hodieque</span> <span class='ocrx_word' id='word_1_196' title='bbox 562 2188 647 2237; x_wconf 86' lang='lat' dir='ltr'>extat.</span> <span class='ocrx_word' id='word_1_197' title='bbox 684 2185 739 2237; x_wconf 84' lang='lat' dir='ltr'>De·</span> <span class='ocrx_word' id='word_1_198' title='bbox 775 2186 832 2238; x_wconf 79' lang='lat' dir='ltr'>dem</span> <span class='ocrx_word' id='word_1_199' title='bbox 851 2185 973 2238; x_wconf 76' lang='lat' dir='ltr'>orationis</span> <span class='ocrx_word' id='word_1_200' title='bbox 987 2203 1039 2254; x_wconf 82' lang='lat' dir='ltr'>pro</span> <span class='ocrx_word' id='word_1_201' title='bbox 1057 2185 1158 2238; x_wconf 84' lang='lat' dir='ltr'>Vatinio</span> <span class='ocrx_word' id='word_1_202' title='bbox 1178 2183 1316 2250; x_wconf 74' lang='lat' dir='ltr'>Ciceronis,</span> 
     </span>
    </p>
   </div>
   <div class='ocr_carea' id='block_1_7' title="bbox 121 2261 1315 2332">
    <p class='ocr_par' dir='ltr' id='par_1_7' title="bbox 121 2261 1315 2332">
     <span class='ocr_line' id='line_1_22' title="bbox 121 2261 1315 2332; baseline 0.003 -22"><span class='ocrx_word' id='word_1_203' title='bbox 121 2294 126 2310; x_wconf 85' lang='grc'><em>,</em></span> <span class='ocrx_word' id='word_1_204' title='bbox 195 2263 303 2316; x_wconf 80' lang='lat' dir='ltr'>tensum</span> <span class='ocrx_word' id='word_1_205' title='bbox 313 2266 405 2314; x_wconf 90' lang='lat' dir='ltr'>autem</span> <span class='ocrx_word' id='word_1_206' title='bbox 417 2262 451 2313; x_wconf 89' lang='lat' dir='ltr'>ab</span> <span class='ocrx_word' id='word_1_207' title='bbox 462 2261 566 2326; x_wconf 86' lang='lat' dir='ltr'>codem,</span> <span class='ocrx_word' id='word_1_208' title='bbox 578 2263 693 2329; x_wconf 86' lang='lat' dir='ltr'>duobus,</span> <span class='ocrx_word' id='word_1_209' title='bbox 708 2265 740 2316; x_wconf 92' lang='lat' dir='ltr'>ut</span> <span class='ocrx_word' id='word_1_210' title='bbox 775 2263 889 2316; x_wconf 79' lang='lat' dir='ltr'>meminit</span> <span class='ocrx_word' id='word_1_211' title='bbox 911 2263 1037 2316; x_wconf 80' lang='lat' dir='ltr'>Asconius</span> <span class='ocrx_word' id='word_1_212' title='bbox 1058 2263 1133 2316; x_wconf 87' lang='lat' dir='ltr'>initio</span> <span class='ocrx_word' id='word_1_213' title='bbox 1153 2263 1315 2332; x_wconf 71' lang='lat' dir='ltr'>expositionis</span> 
     </span>
    </p>
   </div>
   <div class='ocr_carea' id='block_1_8' title="bbox 193 2339 1315 2882">
    <p class='ocr_par' dir='ltr' id='par_1_8' title="bbox 193 2339 1315 2801">
     <span class='ocr_line' id='line_1_23' title="bbox 197 2339 1315 2412; baseline -0.002 -18"><span class='ocrx_word' id='word_1_214' title='bbox 197 2341 290 2394; x_wconf 81' lang='lat' dir='ltr'>scribit</span> <span class='ocrx_word' id='word_1_215' title='bbox 300 2339 426 2393; x_wconf 80' lang='lat' dir='ltr'>Valerius</span> <span class='ocrx_word' id='word_1_216' title='bbox 441 2339 487 2392; x_wconf 91' lang='lat' dir='ltr'>lib.</span> <span class='ocrx_word' id='word_1_217' title='bbox 500 2339 551 2394; x_wconf 91' lang='lat' dir='ltr'>VI.</span> <span class='ocrx_word' id='word_1_218' title='bbox 564 2357 624 2412; x_wconf 90' lang='lat' dir='ltr'>cap.</span> <span class='ocrx_word' id='word_1_219' title='bbox 637 2346 679 2394; x_wconf 91' lang='lat' dir='ltr'>ll.</span> <span class='ocrx_word' id='word_1_220' title='bbox 694 2341 739 2408; x_wconf 84' lang='lat' dir='ltr'>ju·</span> <span class='ocrx_word' id='word_1_221' title='bbox 774 2339 1006 2395; x_wconf 69' lang='lat' dir='ltr'>incinerationem</span> <span class='ocrx_word' id='word_1_222' title='bbox 1014 2357 1065 2410; x_wconf 84' lang='lat' dir='ltr'>pro</span> <span class='ocrx_word' id='word_1_223' title='bbox 1074 2342 1117 2394; x_wconf 86' lang='lat' dir='ltr'>M.</span> <span class='ocrx_word' id='word_1_224' title='bbox 1125 2339 1232 2393; x_wconf 82' lang='lat' dir='ltr'>Scauro.</span> <span class='ocrx_word' id='word_1_225' title='bbox 1252 2341 1315 2405; x_wconf 92' lang='lat' dir='ltr'>Quo</span> 
     </span>
     <span class='ocr_line' id='line_1_24' title="bbox 196 2417 1314 2487; baseline -0.001 -14"><span class='ocrx_word' id='word_1_226' title='bbox 196 2420 274 2473; x_wconf 81' lang='lat' dir='ltr'>dictis</span> <span class='ocrx_word' id='word_1_227' title='bbox 292 2417 415 2487; x_wconf 87' lang='lat' dir='ltr'>publicis,</span> <span class='ocrx_word' id='word_1_228' title='bbox 433 2434 487 2470; x_wconf 92' lang='lat' dir='ltr'>non</span> <span class='ocrx_word' id='word_1_229' title='bbox 506 2421 587 2471; x_wconf 91' lang='lat' dir='ltr'>modo</span> <span class='ocrx_word' id='word_1_230' title='bbox 606 2421 663 2472; x_wconf 88' lang='lat' dir='ltr'>sine</span> <span class='ocrx_word' id='word_1_231' title='bbox 681 2420 737 2472; x_wconf 92' lang='lat' dir='ltr'>ullo</span> <span class='ocrx_word' id='word_1_232' title='bbox 774 2435 810 2470; x_wconf 85' lang='lat' dir='ltr'>ex</span> <span class='ocrx_word' id='word_1_233' title='bbox 821 2420 881 2471; x_wconf 93' lang='lat' dir='ltr'>loco</span> <span class='ocrx_word' id='word_1_234' title='bbox 890 2419 1047 2485; x_wconf 76' lang='lat' dir='ltr'>intelligitur</span> <span class='ocrx_word' id='word_1_235' title='bbox 1056 2418 1174 2470; x_wconf 88' lang='lat' dir='ltr'>habitam</span> <span class='ocrx_word' id='word_1_236' title='bbox 1187 2434 1245 2471; x_wconf 86' lang='lat' dir='ltr'>esse</span> <span class='ocrx_word' id='word_1_237' title='bbox 1255 2435 1314 2472; x_wconf 87' lang='lat' dir='ltr'>eam</span> 
     </span>
     <span class='ocr_line' id='line_1_25' title="bbox 194 2495 1313 2566; baseline 0 -16"><span class='ocrx_word' id='word_1_238' title='bbox 194 2495 306 2550; x_wconf 82' lang='lat' dir='ltr'>crimine</span> <span class='ocrx_word' id='word_1_239' title='bbox 323 2496 534 2566; x_wconf 80' lang='lat' dir='ltr'>levitatis,quod</span> <span class='ocrx_word' id='word_1_240' title='bbox 550 2497 637 2549; x_wconf 83' lang='lat' dir='ltr'>eidem</span> <span class='ocrx_word' id='word_1_241' title='bbox 657 2501 737 2549; x_wconf 87' lang='lat' dir='ltr'>antea</span> <span class='ocrx_word' id='word_1_242' title='bbox 774 2496 808 2548; x_wconf 91' lang='lat' dir='ltr'>L.</span> <span class='ocrx_word' id='word_1_243' title='bbox 830 2495 950 2548; x_wconf 89' lang='lat' dir='ltr'>Domitio</span> <span class='ocrx_word' id='word_1_244' title='bbox 972 2495 1161 2558; x_wconf 86' lang='lat' dir='ltr'>Ahenobarbo,</span> <span class='ocrx_word' id='word_1_245' title='bbox 1184 2499 1212 2548; x_wconf 87' lang='lat' dir='ltr'>ct</span> <span class='ocrx_word' id='word_1_246' title='bbox 1239 2497 1313 2564; x_wconf 89' lang='lat' dir='ltr'>App.</span> 
     </span>
     <span class='ocr_line' id='line_1_26' title="bbox 193 2571 1314 2642; baseline -0.002 -14"><span class='ocrx_word' id='word_1_247' title='bbox 193 2575 394 2628; x_wconf 89' lang='lat' dir='ltr'>inimicissimus</span> <span class='ocrx_word' id='word_1_248' title='bbox 422 2574 551 2639; x_wconf 84' lang='lat' dir='ltr'>extiterit,</span> <span class='ocrx_word' id='word_1_249' title='bbox 579 2575 626 2626; x_wconf 87' lang='lat' dir='ltr'>sed</span> <span class='ocrx_word' id='word_1_250' title='bbox 654 2575 737 2628; x_wconf 88' lang='lat' dir='ltr'>etlam</span> <span class='ocrx_word' id='word_1_251' title='bbox 774 2574 888 2626; x_wconf 87' lang='lat' dir='ltr'>Claudio</span> <span class='ocrx_word' id='word_1_252' title='bbox 906 2573 1021 2627; x_wconf 85' lang='lat' dir='ltr'>Pulchro</span> <span class='ocrx_word' id='word_1_253' title='bbox 1041 2575 1116 2626; x_wconf 87' lang='lat' dir='ltr'>Coss.</span> <span class='ocrx_word' id='word_1_254' title='bbox 1137 2573 1164 2626; x_wconf 91' lang='lat' dir='ltr'>id</span> <span class='ocrx_word' id='word_1_255' title='bbox 1177 2574 1249 2642; x_wconf 88' lang='lat' dir='ltr'>quod</span> <span class='ocrx_word' id='word_1_256' title='bbox 1262 2571 1314 2641; x_wconf 77' lang='lat' dir='ltr'>sig-&#39;</span> 
     </span>
     <span class='ocr_line' id='line_1_27' title="bbox 195 2651 1313 2722; baseline -0.004 -14"><span class='ocrx_word' id='word_1_257' title='bbox 195 2670 261 2708; x_wconf 89' lang='lat' dir='ltr'>cum</span> <span class='ocrx_word' id='word_1_258' title='bbox 283 2654 373 2721; x_wconf 89' lang='lat' dir='ltr'>aliqua</span> <span class='ocrx_word' id='word_1_259' title='bbox 392 2653 482 2717; x_wconf 89' lang='lat' dir='ltr'>laude,</span> <span class='ocrx_word' id='word_1_260' title='bbox 503 2668 567 2705; x_wconf 88' lang='lat' dir='ltr'>oum</span> <span class='ocrx_word' id='word_1_261' title='bbox 590 2654 736 2722; x_wconf 82' lang='lat' dir='ltr'>speciosius</span> <span class='ocrx_word' id='word_1_262' title='bbox 772 2653 865 2704; x_wconf 87' lang='lat' dir='ltr'>nificat</span> <span class='ocrx_word' id='word_1_263' title='bbox 876 2652 957 2704; x_wconf 86' lang='lat' dir='ltr'>etiam</span> <span class='ocrx_word' id='word_1_264' title='bbox 970 2652 1016 2705; x_wconf 89' lang='lat' dir='ltr'>lib.</span> <span class='ocrx_word' id='word_1_265' title='bbox 1029 2651 1067 2704; x_wconf 92' lang='lat' dir='ltr'>ll.</span> <span class='ocrx_word' id='word_1_266' title='bbox 1083 2651 1117 2702; x_wconf 90' lang='lat' dir='ltr'>ad</span> <span class='ocrx_word' id='word_1_267' title='bbox 1136 2652 1171 2716; x_wconf 89' lang='lat' dir='ltr'>Q.</span> <span class='ocrx_word' id='word_1_268' title='bbox 1184 2653 1313 2719; x_wconf 84' lang='lat' dir='ltr'>Fratrem,</span> 
     </span>
     <span class='ocr_line' id='line_1_28' title="bbox 193 2731 1120 2801; baseline -0.003 -15"><span class='ocrx_word' id='word_1_269' title='bbox 193 2734 281 2786; x_wconf 91' lang='lat' dir='ltr'>multo</span> <span class='ocrx_word' id='word_1_270' title='bbox 303 2731 408 2798; x_wconf 84' lang='lat' dir='ltr'>injuriae</span> <span class='ocrx_word' id='word_1_271' title='bbox 429 2731 567 2783; x_wconf 88' lang='lat' dir='ltr'>beneficiis</span> <span class='ocrx_word' id='word_1_272' title='bbox 585 2733 736 2797; x_wconf 85' lang='lat' dir='ltr'>vincantur,</span> <span class='ocrx_word' id='word_1_273' title='bbox 773 2732 851 2801; x_wconf 84' lang='lat' dir='ltr'>epist.</span> <span class='ocrx_word' id='word_1_274' title='bbox 865 2731 967 2784; x_wconf 89' lang='lat' dir='ltr'>ultima.</span> <span class='ocrx_word' id='word_1_275' title='bbox 1002 2732 1120 2784; x_wconf 78' lang='lat' dir='ltr'>Parnm.</span> 
     </span>
    </p>

    <p class='ocr_par' dir='ltr' id='par_1_9' title="bbox 194 2807 1227 2882">
     <span class='ocr_line' id='line_1_29' title="bbox 194 2807 1227 2882; baseline -0.001 -19"><span class='ocrx_word' id='word_1_276' title='bbox 194 2826 275 2880; x_wconf 90' lang='lat' dir='ltr'>quam</span> <span class='ocrx_word' id='word_1_277' title='bbox 287 2810 376 2862; x_wconf 91' lang='lat' dir='ltr'>mutui</span> <span class='ocrx_word' id='word_1_278' title='bbox 387 2809 442 2862; x_wconf 88' lang='lat' dir='ltr'>odii</span> <span class='ocrx_word' id='word_1_279' title='bbox 457 2809 605 2879; x_wconf 88' lang='lat' dir='ltr'>pertinacia</span> <span class='ocrx_word' id='word_1_280' title='bbox 622 2825 736 2877; x_wconf 88' lang='lat' dir='ltr'>pcnscn·</span> <span class='ocrx_word' id='word_1_281' title='bbox 808 2809 845 2864; x_wconf 89' lang='lat' dir='ltr'>In</span> <span class='ocrx_word' id='word_1_282' title='bbox 855 2807 992 2882; x_wconf 76' lang='lat' dir='ltr'>Eunucho]</span> <span class='ocrx_word' id='word_1_283' title='bbox 1009 2810 1071 2863; x_wconf 88' lang='lat' dir='ltr'>Act.</span> <span class='ocrx_word' id='word_1_284' title='bbox 1083 2809 1138 2863; x_wconf 83' lang='grc' dir='ltr'><strong>ΙΙΙ.</strong></span> <span class='ocrx_word' id='word_1_285' title='bbox 1151 2825 1189 2862; x_wconf 90' lang='lat' dir='ltr'>sc.</span> <span class='ocrx_word' id='word_1_286' title='bbox 1203 2813 1227 2862; x_wconf 92' lang='lat' dir='ltr'>l.</span> 
     </span>
    </p>
   </div>
   <div class='ocr_carea' id='block_1_9' title="bbox 192 2887 740 2967">
    <p class='ocr_par' dir='ltr' id='par_1_10' title="bbox 192 2887 740 2967">
     <span class='ocr_line' id='line_1_30' title="bbox 192 2887 740 2967; baseline -0.004 -25"><span class='ocrx_word' id='word_1_287' title='bbox 192 2895 246 2943; x_wconf 86' lang='lat' dir='ltr'>tur.</span> <span class='ocrx_word' id='word_1_288' title='bbox 281 2889 343 2942; x_wconf 86' lang='lat' dir='ltr'>Etsi</span> <span class='ocrx_word' id='word_1_289' title='bbox 369 2892 459 2941; x_wconf 87' lang='lat' dir='ltr'>autem</span> <span class='ocrx_word' id='word_1_290' title='bbox 487 2887 546 2953; x_wconf 78' lang='lat' dir='ltr'>ejnn</span> <span class='ocrx_word' id='word_1_291' title='bbox 573 2888 740 2967; x_wconf 79' lang='lat' dir='ltr'>detensionis</span> 
     </span>
    </p>
   </div>
   <div class='ocr_carea' id='block_1_10' title="bbox 472 3069 997 3127">
    <p class='ocr_par' dir='ltr' id='par_1_11' title="bbox 472 3069 997 3127">
     <span class='ocr_line' id='line_1_31' title="bbox 472 3069 997 3127; baseline -0.006 -1.755"><span class='ocrx_word' id='word_1_292' title='bbox 472 3070 588 3126; x_wconf 88' lang='lat' dir='ltr'>PRO</span> <span class='ocrx_word' id='word_1_293' title='bbox 606 3070 820 3126; x_wconf 0' lang='lat' dir='ltr'>M AEM1L10</span> <span class='ocrx_word' id='word_1_294' title='bbox 838 3069 997 3127; x_wconf 83' lang='lat' dir='ltr'>SGAURO.</span> 
     </span>
    </p>
   </div>
   <div class='ocr_carea' id='block_1_11' title="bbox 120 3201 1366 4686">
    <p class='ocr_par' dir='ltr' id='par_1_12' title="bbox 189 3201 1313 3665">
     <span class='ocr_line' id='line_1_32' title="bbox 226 3201 1313 3274; baseline -0.002 -16"><span class='ocrx_word' id='word_1_295' title='bbox 226 3205 309 3259; x_wconf 86' lang='lat' dir='ltr'>Hanc</span> <span class='ocrx_word' id='word_1_296' title='bbox 331 3221 439 3274; x_wconf 90' lang='lat' dir='ltr'>quoque</span> <span class='ocrx_word' id='word_1_297' title='bbox 460 3203 609 3255; x_wconf 86' lang='lat' dir='ltr'>orationem</span> <span class='ocrx_word' id='word_1_298' title='bbox 632 3201 734 3255; x_wconf 89' lang='lat' dir='ltr'>eisdem</span> <span class='ocrx_word' id='word_1_299' title='bbox 770 3218 856 3270; x_wconf 82' lang='lat' dir='ltr'>genus</span> <span class='ocrx_word' id='word_1_300' title='bbox 867 3219 972 3255; x_wconf 90' lang='lat' dir='ltr'>morum</span> <span class='ocrx_word' id='word_1_301' title='bbox 983 3202 1012 3254; x_wconf 92' lang='lat' dir='ltr'>in</span> <span class='ocrx_word' id='word_1_302' title='bbox 1030 3219 1063 3254; x_wconf 92' lang='lat' dir='ltr'>eo</span> <span class='ocrx_word' id='word_1_303' title='bbox 1081 3205 1222 3271; x_wconf 89' lang='lat' dir='ltr'>paternum</span> <span class='ocrx_word' id='word_1_304' title='bbox 1240 3202 1313 3256; x_wconf 90' lang='lat' dir='ltr'>vide·</span> 
     </span>
     <span class='ocr_line' id='line_1_33' title="bbox 192 3278 1312 3360; baseline -0.005 -21"><span class='ocrx_word' id='word_1_305' title='bbox 192 3283 355 3339; x_wconf 82' lang='lat' dir='ltr'>Cousulibus</span> <span class='ocrx_word' id='word_1_306' title='bbox 363 3283 441 3348; x_wconf 82' lang='lat' dir='ltr'>dixit,</span> <span class='ocrx_word' id='word_1_307' title='bbox 451 3282 547 3350; x_wconf 89' lang='lat' dir='ltr'>qmbus</span> <span class='ocrx_word' id='word_1_308' title='bbox 556 3296 605 3350; x_wconf 91' lang='lat' dir='ltr'>pro</span> <span class='ocrx_word' id='word_1_309' title='bbox 613 3278 734 3345; x_wconf 84' lang='lat' dir='ltr'>Vatinio,</span> <span class='ocrx_word' id='word_1_310' title='bbox 770 3282 857 3360; x_wconf 84' lang='lat' dir='ltr'>batur,</span> <span class='ocrx_word' id='word_1_311' title='bbox 867 3298 929 3335; x_wconf 88' lang='lat' dir='ltr'>cum</span> <span class='ocrx_word' id='word_1_312' title='bbox 946 3285 1046 3334; x_wconf 85' lang='lat' dir='ltr'>caetera</span> <span class='ocrx_word' id='word_1_313' title='bbox 1063 3281 1194 3334; x_wconf 84' lang='lat' dir='ltr'>industria</span> <span class='ocrx_word' id='word_1_314' title='bbox 1211 3297 1312 3350; x_wconf 89' lang='lat' dir='ltr'>nequa-</span> 
     </span>
     <span class='ocr_line' id='line_1_34' title="bbox 193 3360 1312 3432; baseline -0.005 -14"><span class='ocrx_word' id='word_1_315' title='bbox 193 3365 228 3418; x_wconf 76' lang='lat'>1..</span> <span class='ocrx_word' id='word_1_316' title='bbox 249 3361 371 3414; x_wconf 89' lang='lat' dir='ltr'>Domitio</span> <span class='ocrx_word' id='word_1_317' title='bbox 397 3360 562 3422; x_wconf 80' lang='lat' dir='ltr'>AEnobarbo,</span> <span class='ocrx_word' id='word_1_318' title='bbox 588 3362 617 3410; x_wconf 87' lang='lat' dir='ltr'>ct</span> <span class='ocrx_word' id='word_1_319' title='bbox 643 3360 733 3427; x_wconf 83' lang='lat' dir='ltr'>Appio</span> <span class='ocrx_word' id='word_1_320' title='bbox 770 3364 931 3428; x_wconf 85' lang='lat' dir='ltr'>quamcsset</span> <span class='ocrx_word' id='word_1_321' title='bbox 943 3376 998 3432; x_wconf 90' lang='lat' dir='ltr'>par</span> <span class='ocrx_word' id='word_1_322' title='bbox 1024 3360 1154 3413; x_wconf 82' lang='lat' dir='ltr'>Oraverat</span> <span class='ocrx_word' id='word_1_323' title='bbox 1166 3361 1312 3413; x_wconf 87' lang='lat' dir='ltr'>tamenab</span> 
     </span>
     <span class='ocr_line' id='line_1_35' title="bbox 191 3437 1311 3509; baseline -0.004 -13"><span class='ocrx_word' id='word_1_324' title='bbox 191 3441 308 3496; x_wconf 87' lang='lat' dir='ltr'>Claudio</span> <span class='ocrx_word' id='word_1_325' title='bbox 326 3438 442 3492; x_wconf 89' lang='lat' dir='ltr'>Pulchro</span> <span class='ocrx_word' id='word_1_326' title='bbox 459 3438 535 3489; x_wconf 86' lang='lat' dir='ltr'>Coss.</span> <span class='ocrx_word' id='word_1_327' title='bbox 551 3437 733 3504; x_wconf 90' lang='lat' dir='ltr'>Summusju·</span> <span class='ocrx_word' id='word_1_328' title='bbox 770 3439 1262 3528; x_wconf 79' lang='lat' dir='ltr'>quandointerpatronoscausarum;</span> <span class='ocrx_word' id='word_1_329' title='bbox 1275 3444 1311 3508; x_wconf 88' lang='lat' dir='ltr'>et,</span> 
     </span>
     <span class='ocr_line' id='line_1_36' title="bbox 189 3506 1312 3586; baseline -0.005 -11"><span class='ocrx_word' id='word_1_330' title='bbox 189 3521 253 3575; x_wconf 88' lang='lat' dir='ltr'>dicii</span> <span class='ocrx_word' id='word_1_331' title='bbox 263 3520 321 3572; x_wconf 84' lang='lat' dir='ltr'>drcs</span> <span class='ocrx_word' id='word_1_332' title='bbox 328 3518 448 3572; x_wconf 79' lang='lat' dir='ltr'>iustad</span> <span class='ocrx_word' id='word_1_333' title='bbox 455 3531 496 3570; x_wconf 85' lang='grc' dir='ltr'>ιν.</span> <span class='ocrx_word' id='word_1_334' title='bbox 506 3506 600 3569; x_wconf 87' lang='lat' dir='ltr'>Nonas</span> <span class='ocrx_word' id='word_1_335' title='bbox 608 3517 732 3586; x_wconf 88' lang='lat' dir='ltr'>Septem</span> <span class='ocrx_word' id='word_1_336' title='bbox 768 3521 913 3586; x_wconf 86' lang='lat' dir='ltr'>postquam</span> <span class='ocrx_word' id='word_1_337' title='bbox 925 3533 960 3568; x_wconf 88' lang='lat' dir='ltr'>ex</span> <span class='ocrx_word' id='word_1_338' title='bbox 973 3517 1109 3585; x_wconf 88' lang='lat' dir='ltr'>provincia</span> <span class='ocrx_word' id='word_1_339' title='bbox 1119 3517 1243 3580; x_wconf 83' lang='lat' dir='ltr'>redierat,</span> <span class='ocrx_word' id='word_1_340' title='bbox 1252 3518 1312 3569; x_wconf 87' lang='lat' dir='ltr'>dix-</span> 
     </span>
     <span class='ocr_line' id='line_1_37' title="bbox 191 3595 1311 3665; baseline -0.004 -11"><span class='ocrx_word' id='word_1_341' title='bbox 191 3601 255 3654; x_wconf 88' lang='lat' dir='ltr'>bris.</span> <span class='ocrx_word' id='word_1_342' title='bbox 768 3595 1311 3665; x_wconf 74' lang='lat' dir='ltr'>cratproCCatouc31squecratabso·</span> 
     </span>
    </p>

    <p class='ocr_par' dir='ltr' id='par_1_13' title="bbox 120 3670 1366 4686">
     <span class='ocr_line' id='line_1_38' title="bbox 224 3670 1309 3741; baseline -0.006 -8"><span class='ocrx_word' id='word_1_343' title='bbox 224 3681 300 3733; x_wconf 83' lang='lat' dir='ltr'>Anu.</span> <span class='ocrx_word' id='word_1_344' title='bbox 318 3675 360 3730; x_wconf 87' lang='lat' dir='ltr'>M.</span> <span class='ocrx_word' id='word_1_345' title='bbox 371 3675 490 3730; x_wconf 81' lang='lat' dir='ltr'>Scaurus</span> <span class='ocrx_word' id='word_1_346' title='bbox 499 3670 541 3727; x_wconf 88' lang='lat' dir='ltr'>M.</span> <span class='ocrx_word' id='word_1_347' title='bbox 548 3674 643 3726; x_wconf 78' lang='lat' dir='ltr'>Scauri</span> <span class='ocrx_word' id='word_1_348' title='bbox 653 3674 731 3741; x_wconf 88' lang='lat' dir='ltr'>lilius,</span> <span class='ocrx_word' id='word_1_349' title='bbox 768 3676 841 3727; x_wconf 91' lang='lat' dir='ltr'>lutus</span> <span class='ocrx_word' id='word_1_350' title='bbox 853 3675 888 3726; x_wconf 89' lang='lat' dir='ltr'>ad</span> <span class='ocrx_word' id='word_1_351' title='bbox 900 3688 943 3726; x_wconf 87' lang='grc' dir='ltr'>ιιι.</span> <span class='ocrx_word' id='word_1_352' title='bbox 954 3675 1148 3739; x_wconf 82' lang='lat' dir='ltr'>NonasQuint.</span> <span class='ocrx_word' id='word_1_353' title='bbox 1161 3674 1238 3738; x_wconf 90' lang='lat' dir='ltr'>lude,</span> <span class='ocrx_word' id='word_1_354' title='bbox 1245 3691 1309 3726; x_wconf 91' lang='lat' dir='ltr'>curn</span> 
     </span>
     <span class='ocr_line' id='line_1_39' title="bbox 190 3743 1366 3826; baseline -0.006 -17"><span class='ocrx_word' id='word_1_355' title='bbox 190 3760 237 3826; x_wconf 90' lang='lat' dir='ltr'>qui</span> <span class='ocrx_word' id='word_1_356' title='bbox 258 3757 383 3824; x_wconf 89' lang='lat' dir='ltr'>princeps</span> <span class='ocrx_word' id='word_1_357' title='bbox 405 3758 516 3808; x_wconf 84' lang='lat' dir='ltr'>senatus</span> <span class='ocrx_word' id='word_1_358' title='bbox 537 3753 597 3819; x_wconf 83' lang='lat' dir='ltr'>fuit,</span> <span class='ocrx_word' id='word_1_359' title='bbox 609 3753 732 3807; x_wconf 84' lang='lat' dir='ltr'>vitricum</span> <span class='ocrx_word' id='word_1_360' title='bbox 767 3753 803 3805; x_wconf 89' lang='lat' dir='ltr'>ad</span> <span class='ocrx_word' id='word_1_361' title='bbox 823 3753 977 3804; x_wconf 89' lang='lat' dir='ltr'>consulatus</span> <span class='ocrx_word' id='word_1_362' title='bbox 988 3753 1144 3821; x_wconf 78' lang='lat' dir='ltr'>petitionem</span> <span class='ocrx_word' id='word_1_363' title='bbox 1153 3753 1187 3802; x_wconf 90' lang='lat' dir='ltr'>ad</span> <span class='ocrx_word' id='word_1_364' title='bbox 1199 3764 1241 3803; x_wconf 88' lang='lat' dir='ltr'>nr.</span> <span class='ocrx_word' id='word_1_365' title='bbox 1254 3743 1317 3802; x_wconf 76' lang='lat' dir='ltr'>Ka·&#39;</span> <span class='ocrx_word' id='word_1_366' title='bbox 1362 3805 1366 3817; x_wconf 61' lang='lat'>,</span> 
     </span>
     <span class='ocr_line' id='line_1_40' title="bbox 189 3831 1309 3902; baseline -0.007 -14"><span class='ocrx_word' id='word_1_367' title='bbox 189 3835 284 3888; x_wconf 86' lang='lat' dir='ltr'>babuit</span> <span class='ocrx_word' id='word_1_368' title='bbox 292 3835 405 3901; x_wconf 75' lang='lat' dir='ltr'>Syllam:</span> <span class='ocrx_word' id='word_1_369' title='bbox 418 3849 473 3902; x_wconf 92' lang='lat' dir='ltr'>quo</span> <span class='ocrx_word' id='word_1_370' title='bbox 481 3833 593 3895; x_wconf 87' lang='lat' dir='ltr'>victore,</span> <span class='ocrx_word' id='word_1_371' title='bbox 604 3836 632 3883; x_wconf 92' lang='lat' dir='ltr'>et</span> <span class='ocrx_word' id='word_1_372' title='bbox 643 3832 732 3884; x_wconf 91' lang='lat' dir='ltr'>muni·</span> <span class='ocrx_word' id='word_1_373' title='bbox 766 3833 839 3884; x_wconf 89' lang='lat' dir='ltr'>tend.</span> <span class='ocrx_word' id='word_1_374' title='bbox 854 3831 948 3893; x_wconf 80' lang='lat' dir='ltr'>Quint.</span> <span class='ocrx_word' id='word_1_375' title='bbox 968 3831 1083 3883; x_wconf 91' lang='lat' dir='ltr'>Romam</span> <span class='ocrx_word' id='word_1_376' title='bbox 1103 3832 1223 3890; x_wconf 88' lang='lat' dir='ltr'>redisset,</span> <span class='ocrx_word' id='word_1_377' title='bbox 1244 3845 1309 3896; x_wconf 90' lang='lat' dir='ltr'>quc·</span> 
     </span>
     <span class='ocr_line' id='line_1_41' title="bbox 189 3905 1308 3975; baseline -0.005 -11"><span class='ocrx_word' id='word_1_378' title='bbox 189 3913 242 3964; x_wconf 87' lang='lat' dir='ltr'>fico</span> <span class='ocrx_word' id='word_1_379' title='bbox 260 3912 290 3963; x_wconf 91' lang='lat' dir='ltr'>in</span> <span class='ocrx_word' id='word_1_380' title='bbox 307 3912 393 3964; x_wconf 89' lang='lat' dir='ltr'>socios</span> <span class='ocrx_word' id='word_1_381' title='bbox 404 3911 533 3975; x_wconf 71' lang='lat' dir='ltr'>victorin,</span> <span class='ocrx_word' id='word_1_382' title='bbox 544 3910 583 3962; x_wconf 91' lang='lat' dir='ltr'>ita</span> <span class='ocrx_word' id='word_1_383' title='bbox 595 3909 731 3961; x_wconf 88' lang='lat' dir='ltr'>abstinens</span> <span class='ocrx_word' id='word_1_384' title='bbox 766 3910 887 3963; x_wconf 85' lang='lat' dir='ltr'>rentibus</span> <span class='ocrx_word' id='word_1_385' title='bbox 906 3910 940 3962; x_wconf 87' lang='lat' dir='ltr'>de</span> <span class='ocrx_word' id='word_1_386' title='bbox 960 3925 1001 3961; x_wconf 89' lang='lat' dir='ltr'>eo.</span> <span class='ocrx_word' id='word_1_387' title='bbox 1016 3910 1115 3974; x_wconf 86' lang='lat' dir='ltr'>Sardis,</span> <span class='ocrx_word' id='word_1_388' title='bbox 1128 3924 1143 3958; x_wconf 88' lang='lat' dir='ltr'>a</span> <span class='ocrx_word' id='word_1_389' title='bbox 1154 3909 1184 3958; x_wconf 93' lang='lat' dir='ltr'>P.</span> <span class='ocrx_word' id='word_1_390' title='bbox 1197 3905 1308 3958; x_wconf 87' lang='lat' dir='ltr'>Valerio</span> 
     </span>
     <span class='ocr_line' id='line_1_42' title="bbox 185 3984 1310 4056; baseline -0.007 -14"><span class='ocrx_word' id='word_1_391' title='bbox 185 3989 248 4052; x_wconf 80' lang='lat' dir='ltr'>suit,</span> <span class='ocrx_word' id='word_1_392' title='bbox 257 3992 288 4039; x_wconf 90' lang='lat' dir='ltr'>nt</span> <span class='ocrx_word' id='word_1_393' title='bbox 300 3987 363 4039; x_wconf 90' lang='lat' dir='ltr'>nihil</span> <span class='ocrx_word' id='word_1_394' title='bbox 373 4003 460 4056; x_wconf 88' lang='lat' dir='ltr'>neque</span> <span class='ocrx_word' id='word_1_395' title='bbox 473 3989 567 4040; x_wconf 87' lang='lat' dir='ltr'>donari</span> <span class='ocrx_word' id='word_1_396' title='bbox 578 3987 629 4039; x_wconf 91' lang='lat' dir='ltr'>sibi</span> <span class='ocrx_word' id='word_1_397' title='bbox 641 3987 731 4039; x_wconf 85' lang='lat' dir='ltr'>volue-</span> <span class='ocrx_word' id='word_1_398' title='bbox 765 3989 876 4054; x_wconf 81' lang='lat' dir='ltr'>Triario,</span> <span class='ocrx_word' id='word_1_399' title='bbox 889 3989 1059 4041; x_wconf 84' lang='lat' dir='ltr'>adolescente</span> <span class='ocrx_word' id='word_1_400' title='bbox 1071 3991 1163 4054; x_wconf 87' lang='lat' dir='ltr'>parato</span> <span class='ocrx_word' id='word_1_401' title='bbox 1173 3984 1206 4035; x_wconf 89' lang='lat' dir='ltr'>ad</span> <span class='ocrx_word' id='word_1_402' title='bbox 1217 3984 1310 4035; x_wconf 87' lang='lat' dir='ltr'>dicen·</span> 
     </span>
     <span class='ocr_line' id='line_1_43' title="bbox 188 4062 1308 4134; baseline -0.004 -15"><span class='ocrx_word' id='word_1_403' title='bbox 188 4067 231 4129; x_wconf 90' lang='lat' dir='ltr'>rit,</span> <span class='ocrx_word' id='word_1_404' title='bbox 243 4081 333 4134; x_wconf 89' lang='lat' dir='ltr'>neque</span> <span class='ocrx_word' id='word_1_405' title='bbox 344 4063 378 4116; x_wconf 92' lang='lat' dir='ltr'>ab</span> <span class='ocrx_word' id='word_1_406' title='bbox 388 4065 465 4118; x_wconf 89' lang='lat' dir='ltr'>basta</span> <span class='ocrx_word' id='word_1_407' title='bbox 474 4067 577 4118; x_wconf 89' lang='lat' dir='ltr'>emerit.</span> <span class='ocrx_word' id='word_1_408' title='bbox 605 4064 750 4118; x_wconf 90' lang='lat' dir='ltr'>AEdilita·</span> <span class='ocrx_word' id='word_1_409' title='bbox 767 4069 841 4132; x_wconf 90' lang='lat' dir='ltr'>dum,</span> <span class='ocrx_word' id='word_1_410' title='bbox 852 4073 879 4118; x_wconf 89' lang='lat' dir='ltr'>et</span> <span class='ocrx_word' id='word_1_411' title='bbox 891 4071 963 4119; x_wconf 86' lang='lat' dir='ltr'>notae</span> <span class='ocrx_word' id='word_1_412' title='bbox 975 4064 1123 4127; x_wconf 77' lang='lat' dir='ltr'>industria,</span> <span class='ocrx_word' id='word_1_413' title='bbox 1131 4063 1184 4114; x_wconf 88' lang='lat' dir='ltr'>lilio</span> <span class='ocrx_word' id='word_1_414' title='bbox 1194 4062 1308 4133; x_wconf 88' lang='lat' dir='ltr'>ejusqui</span> 
     </span>
     <span class='ocr_line' id='line_1_44' title="bbox 120 4139 1322 4210; baseline -0.003 -14"><span class='ocrx_word' id='word_1_415' title='bbox 120 4197 126 4206; x_wconf 76' lang='grc'><em>,</em></span> <span class='ocrx_word' id='word_1_416' title='bbox 186 4142 655 4210; x_wconf 76' lang='lat' dir='ltr'>temsnmmamagnrlicentragessrt</span> <span class='ocrx_word' id='word_1_417' title='bbox 660 4145 729 4196; x_wconf 91' lang='lat' dir='ltr'>adeo</span> <span class='ocrx_word' id='word_1_418' title='bbox 766 4163 793 4198; x_wconf 94' lang='lat' dir='ltr'>m</span> <span class='ocrx_word' id='word_1_419' title='bbox 803 4146 926 4198; x_wconf 86' lang='lat' dir='ltr'>Sardrnra</span> <span class='ocrx_word' id='word_1_420' title='bbox 937 4143 1080 4198; x_wconf 90' lang='lat' dir='ltr'>contraM</span> <span class='ocrx_word' id='word_1_421' title='bbox 1087 4139 1221 4209; x_wconf 81' lang='lat' dir='ltr'>Lepidum</span> <span class='ocrx_word' id='word_1_422' title='bbox 1233 4158 1322 4194; x_wconf 75' lang='lat' dir='ltr'>arma.</span> 
     </span>
     <span class='ocr_line' id='line_1_45' title="bbox 186 4217 1316 4298; baseline -0.004 -22"><span class='ocrx_word' id='word_1_423' title='bbox 186 4223 246 4276; x_wconf 89' lang='lat' dir='ltr'>ut</span> <span class='ocrx_word' id='word_1_424' title='bbox 239 4238 267 4274; x_wconf 89' lang='lat' dir='ltr'>m</span> <span class='ocrx_word' id='word_1_425' title='bbox 288 4221 346 4287; x_wconf 87' lang='lat' dir='ltr'>ejus</span> <span class='ocrx_word' id='word_1_426' title='bbox 362 4221 497 4287; x_wconf 87' lang='lat' dir='ltr'>impensas</span> <span class='ocrx_word' id='word_1_427' title='bbox 516 4238 581 4291; x_wconf 86' lang='lat' dir='ltr'>opes</span> <span class='ocrx_word' id='word_1_428' title='bbox 599 4237 660 4274; x_wconf 85' lang='lat' dir='ltr'>suas</span> <span class='ocrx_word' id='word_1_429' title='bbox 682 4222 728 4273; x_wconf 88' lang='lat' dir='ltr'>ad·</span> <span class='ocrx_word' id='word_1_430' title='bbox 765 4225 872 4290; x_wconf 87' lang='lat' dir='ltr'>tulerat,</span> <span class='ocrx_word' id='word_1_431' title='bbox 885 4229 913 4277; x_wconf 92' lang='lat' dir='ltr'>et</span> <span class='ocrx_word' id='word_1_432' title='bbox 921 4223 999 4298; x_wconf 91' lang='lat' dir='ltr'>post</span> <span class='ocrx_word' id='word_1_433' title='bbox 992 4239 1021 4274; x_wconf 91' lang='lat'>111</span> <span class='ocrx_word' id='word_1_434' title='bbox 1032 4217 1251 4288; x_wconf 81' lang='lat' dir='ltr'>AsraPontoque</span> <span class='ocrx_word' id='word_1_435' title='bbox 1252 4221 1307 4272; x_wconf 88' lang='lat' dir='ltr'>Le</span> <span class='ocrx_word' id='word_1_436' title='bbox 1314 4217 1316 4224; x_wconf 86' lang='grc'><strong>’</strong></span> 
     </span>
     <span class='ocr_line' id='line_1_46' title="bbox 187 4299 1306 4369; baseline -0.002 -16"><span class='ocrx_word' id='word_1_437' title='bbox 187 4300 339 4368; x_wconf 85' lang='lat' dir='ltr'>sumpserit,</span> <span class='ocrx_word' id='word_1_438' title='bbox 350 4314 533 4367; x_wconf 83' lang='lat' dir='ltr'>magnumque</span> <span class='ocrx_word' id='word_1_439' title='bbox 553 4316 591 4352; x_wconf 86' lang='lat' dir='ltr'>aes</span> <span class='ocrx_word' id='word_1_440' title='bbox 610 4301 727 4353; x_wconf 89' lang='lat' dir='ltr'>alienum</span> <span class='ocrx_word' id='word_1_441' title='bbox 765 4306 844 4369; x_wconf 82' lang='lat' dir='ltr'>gatus</span> <span class='ocrx_word' id='word_1_442' title='bbox 864 4303 898 4354; x_wconf 90' lang='lat' dir='ltr'>L.</span> <span class='ocrx_word' id='word_1_443' title='bbox 907 4301 1016 4354; x_wconf 89' lang='lat' dir='ltr'>Luculli</span> <span class='ocrx_word' id='word_1_444' title='bbox 1036 4299 1129 4362; x_wconf 72' lang='lat' dir='ltr'>ficerat,</span> <span class='ocrx_word' id='word_1_445' title='bbox 1142 4313 1204 4350; x_wconf 91' lang='lat' dir='ltr'>cum</span> <span class='ocrx_word' id='word_1_446' title='bbox 1216 4315 1239 4349; x_wconf 92' lang='lat' dir='ltr'>1s</span> <span class='ocrx_word' id='word_1_447' title='bbox 1249 4299 1306 4351; x_wconf 84' lang='lat' dir='ltr'>bel</span> 
     </span>
     <span class='ocr_line' id='line_1_47' title="bbox 187 4378 1306 4448; baseline -0.003 -17"><span class='ocrx_word' id='word_1_448' title='bbox 187 4378 360 4431; x_wconf 84' lang='lat' dir='ltr'>contraxerit.</span> <span class='ocrx_word' id='word_1_449' title='bbox 386 4378 727 4468; x_wconf 79' lang='lat' dir='ltr'>Eapraeturaprovinciam</span> <span class='ocrx_word' id='word_1_450' title='bbox 764 4383 821 4433; x_wconf 93' lang='lat' dir='ltr'>lum</span> <span class='ocrx_word' id='word_1_451' title='bbox 829 4379 1118 4432; x_wconf 84' lang='lat' dir='ltr'>coutraMrtbndatem</span> <span class='ocrx_word' id='word_1_452' title='bbox 1128 4380 1239 4446; x_wconf 82' lang='lat' dir='ltr'>gereret</span> <span class='ocrx_word' id='word_1_453' title='bbox 1245 4392 1306 4444; x_wconf 85' lang='lat' dir='ltr'>pos·</span> 
     </span>
     <span class='ocr_line' id='line_1_48' title="bbox 185 4455 1337 4527; baseline 0.001 -17"><span class='ocrx_word' id='word_1_454' title='bbox 185 4455 335 4510; x_wconf 75' lang='lat' dir='ltr'>Sardiniam</span> <span class='ocrx_word' id='word_1_455' title='bbox 355 4456 518 4511; x_wconf 88' lang='lat' dir='ltr'>obtinuit.&#39;</span> <span class='ocrx_word' id='word_1_456' title='bbox 510 4472 540 4508; x_wconf 88' lang='lat' dir='ltr'>m</span> <span class='ocrx_word' id='word_1_457' title='bbox 562 4473 615 4525; x_wconf 91' lang='lat' dir='ltr'>qna</span> <span class='ocrx_word' id='word_1_458' title='bbox 636 4472 726 4524; x_wconf 89' lang='lat' dir='ltr'>nequo</span> <span class='ocrx_word' id='word_1_459' title='bbox 764 4459 866 4512; x_wconf 89' lang='lat' dir='ltr'>tulatus</span> <span class='ocrx_word' id='word_1_460' title='bbox 878 4458 949 4527; x_wconf 88' lang='lat' dir='ltr'>apud</span> <span class='ocrx_word' id='word_1_461' title='bbox 961 4456 1003 4510; x_wconf 91' lang='lat' dir='ltr'>M.</span> <span class='ocrx_word' id='word_1_462' title='bbox 1018 4456 1149 4508; x_wconf 87' lang='lat' dir='ltr'>Catonem</span> <span class='ocrx_word' id='word_1_463' title='bbox 1160 4455 1307 4508; x_wconf 80' lang='lat' dir='ltr'>Praetorem</span> <span class='ocrx_word' id='word_1_464' title='bbox 1332 4501 1337 4511; x_wconf 94' lang='lat'>.</span> 
     </span>
     <span class='ocr_line' id='line_1_49' title="bbox 184 4535 1305 4606; baseline -0.001 -16"><span class='ocrx_word' id='word_1_465' title='bbox 184 4535 250 4590; x_wconf 87' lang='lat' dir='ltr'>satis</span> <span class='ocrx_word' id='word_1_466' title='bbox 259 4535 582 4602; x_wconf 83' lang='lat' dir='ltr'>abstinentcrsegessissa</span> <span class='ocrx_word' id='word_1_467' title='bbox 589 4535 727 4589; x_wconf 83' lang='lat' dir='ltr'>existima·</span> <span class='ocrx_word' id='word_1_468' title='bbox 763 4535 981 4606; x_wconf 87' lang='lat' dir='ltr'>repetundarum,</span> <span class='ocrx_word' id='word_1_469' title='bbox 990 4538 1022 4588; x_wconf 93' lang='lat' dir='ltr'>ut</span> <span class='ocrx_word' id='word_1_470' title='bbox 1040 4535 1070 4588; x_wconf 90' lang='lat' dir='ltr'>in</span> <span class='ocrx_word' id='word_1_471' title='bbox 1091 4535 1158 4591; x_wconf 80' lang='lat' dir='ltr'>acb&#39;s</span> <span class='ocrx_word' id='word_1_472' title='bbox 1177 4535 1305 4603; x_wconf 88' lang='lat' dir='ltr'>scriptum</span> 
     </span>
     <span class='ocr_line' id='line_1_50' title="bbox 184 4610 1316 4686; baseline -0.002 -18"><span class='ocrx_word' id='word_1_473' title='bbox 184 4618 288 4682; x_wconf 80' lang='lat' dir='ltr'>tuaest,</span> <span class='ocrx_word' id='word_1_474' title='bbox 301 4617 331 4667; x_wconf 87' lang='lat' dir='ltr'>et</span> <span class='ocrx_word' id='word_1_475' title='bbox 347 4610 429 4668; x_wconf 82' lang='lat' dir='ltr'>&#39;valde</span> <span class='ocrx_word' id='word_1_476' title='bbox 450 4615 609 4682; x_wconf 75' lang='lat' dir='ltr'>arroganter.</span> <span class='ocrx_word' id='word_1_477' title='bbox 644 4613 738 4678; x_wconf 78' lang='lat' dir='ltr'>Quod</span> <span class='ocrx_word' id='word_1_478' title='bbox 764 4615 945 4686; x_wconf 64' lang='lat' dir='ltr'>estpostridic</span> <span class='ocrx_word' id='word_1_479' title='bbox 953 4615 1047 4669; x_wconf 87' lang='lat' dir='ltr'>Nonas</span> <span class='ocrx_word' id='word_1_480' title='bbox 1057 4614 1152 4678; x_wconf 89' lang='lat' dir='ltr'>Quint.</span> <span class='ocrx_word' id='word_1_481' title='bbox 1160 4615 1221 4684; x_wconf 87' lang='lat' dir='ltr'>post</span> <span class='ocrx_word' id='word_1_482' title='bbox 1232 4611 1316 4667; x_wconf 82' lang='lat' dir='ltr'>dicm&#39;</span> 
     </span>
    </p>
   </div>
   <div class='ocr_carea' id='block_1_12' title="bbox 0 0 1622 5217">
    <p class='ocr_par' dir='ltr' id='par_1_14' title="bbox 0 0 1622 5217">
     <span class='ocr_line' id='line_1_51' title="bbox 0 0 1622 5217; baseline 0 7"><span class='ocrx_word' id='word_1_483' title='bbox 0 0 1622 5217; x_wconf 95' lang='lat' dir='ltr'> </span> 
     </span>
    </p>
   </div>
  </div>
 </body>
</html>
