3234 5217
600 725 1115 861 FRAGMENTA

480 949 792 1011 LIBRORUM
837 951 1239 1024 INCERTORUM.

338 1363 476 1420 worm
493 1358 661 1436 mm]
689 1363 758 1418 Esse
780 1364 855 1417 boec«
877 1363 949 1433 quod
962 1365 1219 1422 Grsesisnsbrevior
1236 1364 1296 1420 irrue
1315 1368 1413 1422 sitoni-

303 1444 412 1514 quidem
434 1444 570 1517 Ciceronis
592 1446 649 1496 tum
664 1453 768 1496 certum
790 1449 840 1506 est,
877 1442 965 1495 lectio.
1001 1442 1122 1496 Ourvar.

303 1522 468 1593 quemqnod
479 1522 604 1576 maxime.
640 1521 841 1590 ceteramque
912 1519 1013 1574 Eorum
1029 1521 1120 1592 qnippe
1138 1519 1263 1592 opinion]
1288 1523 1412 1590 Omnino,

301 1600 462 1670 pertineant,
472 1603 501 1654 et
519 1599 554 1653 ad
571 1616 652 1668 quem
662 1599 799 1654 Ciceronis
810 1599 841 1651 li·
877 1597 928 1654 nisi
939 1598 1082 1652 admodum
1091 1599 1173 1663 telios,
1179 1599 1356 1667 fragmentum
1363 1601 1413 1655 hoc

302 1680 381 1732 brom
396 1679 551 1742 referuntur,
571 1694 633 1731 oum
654 1678 772 1730 divinare
788 1693 839 1730 nee
877 1681 969 1730 extare
988 1676 1022 1729 ed
1041 1677 1159 1744 verbum,
1172 1678 1244 1745 apud
1256 1678 1412 1731 Ciceronem

302 1756 381 1809 vaide
403 1761 565 1828 promptum,
587 1771 638 1808 nec
657 1757 737 1808 nimis
758 1755 840 1808 etiarn
877 1754 964 1821 ipsum
985 1755 1116 1819 existimo,
1127 1754 1160 1806 iis
1173 1754 1282 1823 quidem
1292 1756 1320 1807 in
1337 1755 1411 1808 libris

300 1837 392 1887 tutum
406 1840 485 1897 esset,
495 1834 587 1886 omnia
603 1833 653 1885 sub
667 1831 841 1899 inscriptione
876 1832 923 1900 qni
931 1832 1063 1901 hodieque
1073 1828 1184 1886 extant:
1202 1833 1248 1884 sed
1264 1833 1338 1886 heus
1354 1849 1410 1886 non

302 1927 478 1980 eorumquae
490 1909 744 1963 adlibrosincertos
760 1910 841 1976 perti·
876 1911 1015 1964 succurrit
1049 1909 1410 1964 Simnemrantumnuiead·

227 2032 231 2038 .
301 1987 622 2055 neentoomprehendere
630 1987 716 2040 libuit
742 1985 839 2056 ltaque
875 1988 943 2040 terre
958 2004 1065 2056 possum
1078 1987 1409 2056 hoetempore,iliumqui
1453 2037 1456 2044 .

300 2067 404 2117 nulium
415 2067 497 2117 susm
509 2065 582 2117 iniis
599 2068 703 2118 cenem
720 2063 839 2118 ordinem
855 2053 1046 2119 ‘estvffuse
1056 2066 1114 2119 sub.
1121 2067 1210 2119 tinem.
1227 2065 1410 2136 Polyphemum

298 2147 395 2196 tenere
402 2144 539 2212 potuimus
548 2161 556 2196 ε
566 2143 643 2196 iiinm
654 2143 789 2197 duntsxst
797 2159 840 2196 se·
875 2143 1014 2206 Homerus,
1027 2144 1116 2212 inquit
1135 2144 1239 2210 Cicero,
1250 2161 1307 2196 eum
1322 2144 1411 2197 imene-

301 2223 468 2286 eutisumus‚
481 2222 528 2290 qui
539 2225 581 2274 est
596 2237 631 2274 ex
643 2237 735 2274 eorum
746 2226 840 2274 sucto-
874 2238 932 2274 nem
946 2220 1087 2291 senesque
1099 2221 1229 2288 finxisset,
1253 2240 1310 2274 erem
1332 2222 1411 2274 ariete

300 2317 360 2354 rum
368 2300 532 2364 nominibus,
542 2314 689 2368 eorumque
700 2300 781 2365 libris,
791 2300 839 2368 qui
874 2299 951 2352 etism
961 2297 1138 2368 cellrrpprentem
1144 2299 1225 2370 facit,
1236 2299 1338 2371 musque
1357 2299 1411 2353 leu-

300 2377 839 2446 haecsdnosnamusqueaetateminran-
874 2376 974 2430 mntem
982 2376 1174 2447 forsennatus.
1210 2378 1324 2431 Psrnrc.

256 2449 261 2460 “
298 2457 334 2508 tis
350 2457 533 2527 imperitorum
556 2454 758 2519 mutationibus,
774 2471 839 2508 eon-
908 2455 1015 2508 Nulium
1025 2455 1258 2526 mequomoerbcm]
1272 2457 1411 2526 Hoofrsg-

294 2537 448 2587 'servarunt
467 2533 580 2586 Pernrc,
610 2532 690 2596 Quod
701 2533 791 2584 statim
800 2531 838 2583 af·
874 2539 993 2586 mentum
1018 2535 1124 2587 auctius
1146 2530 1255 2588 refertur
1284 2537 1318 2588 ab
1345 2538 1410 2590 aliis.

297 2613 350 2664 tert
372 2607 517 2664 Pstrieiust
541 2611 606 2665 Isin
626 2610 679 2663 iae
700 2610 837 2672 acerum,
874 2611 1412 2682 Nestamenpleraquenontumcieero-

298 2699 352 2743 tum
367 2699 464 2743 eertum
480 2700 613 2759 eremum
631 2689 701 2758 quod
712 2689 837 2750 mmmm
872 2691 914 2744 nis
936 2706 1018 2758 quem
1040 2691 1184 2758 Augustini
1202 2691 1237 2742 ad
1255 2692 1410 2746 Ciceronem

301 2772 390 2837 potest
401 2769 480 2820 nimis
491 2767 618 2820 affirmate
627 2766 732 2819 dietum
742 2766 835 2820 videri.
872 2769 1016 2822 ailudentis
1027 2783 1085 2820 esse
1090 2768 1253 2835 judicantes,
1270 2771 1344 2838 quod
1353 2772 1411 2824 Au-

293 2843 380 2900 'Unde
389 2848 461 2900 enirn
471 2853 603 2898 comesam
618 2845 688 2897 huno
706 2845 836 2900 hebemus
872 2845 971 2914 gnsti'ni
984 2864 1041 2900 esse
1052 2848 1223 2902 credidimus.
1236 2848 1409 2912 induximus;

299 2923 476 2993 farrsginem?
493 2923 836 2992 nummorumque
871 2926 945 2993 quod
955 2925 1098 2992 Ciceronis,
1112 2927 1285 2994 reposuimus.
1321 2927 1408 2980 Recte

300 3003 352 3056 bns
362 3003 487 3056 laudetur
497 3003 601 3065 Cicero,
609 3004 665 3066 snt,
672 3001 694 3052 si
703 3002 835 3065 volumus,
872 3008 963 3058 autern
972 3003 1064 3057 secisse
1075 3020 1132 3070 nos,
1143 3006 1166 3059 is
1178 3007 1296 3074 proiecto
1302 3005 1410 3072 judica-

300 3082 406 3133 citatur.
434 3078 835 3149 Atquispraestsreausit,nihil
872 3081 978 3151 bit,qni
1000 3081 1138 3150 epistotam
1161 3083 1245 3152 ipsam
1263 3085 1410 3152 Augustini

301 3155 836 3228 eccidisseiliis,qnalehnmensiertcon·
870 3159 1098 3228 legentesque
1120 3160 1179 3212 iraec
1202 3166 1264 3213 sunt
1292 3168 1408 3232 sumpta.

299 3235 381 3288 ditio!
397 3241 505 3305 putasse
512 3250 657 3304 nunquam,
669 3236 779 3303 seapud
791 3237 835 3286 ci·
871 3235 972 3289 Mirum
996 3241 1086 3290 autem
1108 3238 1136 3289 ni
1154 3237 1211 3291 iraee
1233 3239 1357 3292 dicautur
1374 3242 1407 3293 de

299 3328 422 3366 neronem
444 3315 551 3378 vidisse,
569 3314 642 3381 quod
659 3313 730 3381 apud
752 3313 834 3367 atium
871 3315 981 3380 Catone,
1000 3320 1027 3368 et
1046 3315 1080 3368 ud
1103 3316 1201 3368 librum
1219 3317 1252 3369 de
1273 3317 1353 3371 laude
1365 3318 1407 3372 M.

298 3389 834 3461 viderunttnunquamrnemoriaefuotnm
871 3392 980 3446 Catonis
993 3394 1150 3462 pertineant.
1180 3394 1267 3448 Innn.
1318 3441 1323 3453 ,

298 3466 551 3532 vitio,utTn1iianis
569 3470 680 3521 vocibus
695 3471 761 3522 eiius
772 3486 834 3538 sup·
905 3465 1008 3523 Etenim
1016 3471 1039 3523 si
1049 3471 1132 3533 neme]
1142 3473 1177 3524 Ni
1187 3473 1225 3524 ita
1237 3477 1327 3541 aperte
1335 3474 1405 3528 Lac-

299 3548 444 3612 ponereut?
461 3547 558 3598 Libros
568 3547 676 3615 quidem
689 3548 712 3599 si
727 3547 834 3600 hebrus·
869 3551 970 3600 tentius
980 3547 1103 3602 fateretur
1111 3550 1191 3603 verbu
1198 3552 1405 3616 esseCiceronis‚

297 3627 358 3676 seut
373 3628 524 3692 praesentes,
536 3639 590 3676 non
607 3624 764 3678 Ciceronem
775 3627 834 3678 uni·
869 3627 1049 3680 existimarem
1071 3628 1154 3695 ipsius
1174 3645 1231 3680 esse
1259 3629 1406 3694 Laetantii,

298 3691 391 3768 verse,'
404 3701 461 3763 sed,
475 3701 593 3753 indicato
611 3701 687 3767 libro,
703 3703 832 3771 appetiss-
869 3720 931 3756 enm
944 3706 1073 3758 allusione
1091 3707 1208 3773 quadam
1222 3707 1255 3760 ad
1272 3709 1309 3770 id,
1330 3713 1405 3778 qnod

298 3783 365 3831 sent·
400 3779 456 3832 Cur
467 3783 618 3831 autemnon
630 3779 749 3844 fecerint,
760 3781 833 3848 quod
869 3782 1193 3838 estliisill.0ffloiorum.
1212 3785 1284 3845 Quid
1292 3787 1406 3850 iraterest,

296 3872 370 3926 saepe
381 3859 420 3922 tit,
429 3862 579 3910 utsensum
591 3861 681 3908 tenere
692 3858 834 3920 notuerint,
856 3857 956 3929 'inquit
966 3862 1003 3914 ibi
1015 3862 1119 3926 Cicero,
1134 3864 1368 3919 materiamine
1379 3886 1405 3921 se
1467 3891 1471 3906 =

295 3948 350 3986 non
361 3935 458 3988 verbs!
475 3940 507 3987 ut
525 3950 586 4004 quae
603 3933 632 3986 in
650 3934 764 3986 eandem
773 3950 833 3986 sen·
869 3947 995 3991 convertat
1006 3939 1062 4009 quis
1072 3937 1224 4004 inbellem,
1235 3959 1269 3993 an
1280 3943 1308 3994 in
1325 3944 1406 3997 nonu-

295 4013 408 4066 tentiam
426 4013 521 4076 Cicero
532 4012 609 4064 variis
626 4010 702 4064 roeiis
719 4011 832 4078 dixerat,
867 4016 908 4068 nis
915 4017 1009 4086 figura
1024 4017 1204 4072 immunitatem
1214 4030 1293 4088 gerat
1307 4020 1405 4078 bellua.

211 4095 216 4101 ’
294 4090 416 4144 inunum
426 4090 832 4161 cogerenttqnaebreritsreon-
868 4093 955 4148 loun.

293 4172 420 4233 trsxerst,
442 4169 575 4239 copiosius
596 4168 753 4221 dilatarent?
774 4167 831 4236 Ipsi
902 4172 977 4226 Niin'l
986 4171 1048 4235 esse]
1066 4174 1135 4228 Cum
1147 4174 1205 4228 iraeo
1224 4177 1317 4236 scribit
1332 4179 1405 4232 Lue-

293 4243 410 4315 denique
418 4246 641 4316 Frsgmentornm
657 4246 830 4300 sarcinatores
866 4252 974 4312 tentius,
983 4251 1090 4303 udiiind
1100 4254 1176 4320 qnasi
1187 4254 1318 4323 respicere
1329 4256 1406 4311 vide-

293 4324 387 4388 muttu,
398 4341 459 4392 ques
477 4326 557 4378 certis
572 4341 607 4378 ex
623 4324 785 4378 orationibus
796 4341 829 4378 ac
867 4334 917 4394 tur,
929 4330 1001 4398 quod
1012 4334 1054 4381 est
1064 4329 1091 4382 in
1103 4347 1135 4383 eu
1152 4347 1200 4399 pro
1217 4332 1348 4389 Marceiio
1368 4338 1406 4389 ad

291 4398 366 4454 libris
375 4404 459 4470 petits
468 4419 526 4456 esse
537 4407 652 4469 constet,
663 4402 692 4453 in
700 4402 771 4456 hanc
781 4401 829 4454 In·
865 4406 936 4460 irunc
960 4407 1083 4462 modum:
1109 4406 1184 4462 Nihil
1203 4419 1241 4462 est
1261 4428 1337 4481 opere
1359 4425 1405 4467 ant

293 4481 540 4534 memorassem
556 4481 829 4548 conjeceretsntum-
864 4483 1055 4554 manufactum,
1067 4486 1276 4558 quedeliquuudo
1287 4507 1407 4545 unacort-

290 4556 372 4642 modo
383 4559 447 4625 qnia
457 4559 607 4614 laudatores
615 4560 711 4613 librum
719 4561 828 4613 nonde-
856 4562 933 4634 ficiat
942 4573 966 4616 et
977 4573 1105 4616 missumst
1116 4576 1232 4620 vetustas.
1267 4567 1357 4623 Iussi.

290 4640 432 4733 mannent.
486 4637 576 4700 Quare
604 4653 684 4691 nemo
709 4639 828 4704 miretur,
899 4641 1027 4696 Feminae
1048 4639 1143 4713 omnes]
1174 4645 1240 4711 Ejus
1261 4651 1440 4712 sententies.
