3234 5217
557 364 721 421 *LIBER
743 366 938 438 PRIMUS.
1238 363 1306 433 801
1370 362 1372 367 ’

196 512 265 564 nitar
281 510 311 563 in
328 509 491 572 desumendo,
505 507 539 575 ,in
556 509 736 581 mriffaeimo
769 513 817 565 lit:
837 512 978 566 sedecest
988 522 1085 580 genero
1096 514 1309 575 orationieurus,

78 555 81 558 Ι
194 586 537 659 ιιιὶίιριιιαιιιὶοᾶἰίιζιιιιῐα,
572 588 610 641 Et
626 588 690 642 alibi
705 590 734 643 i'n
769 597 801 644 ut
824 591 939 655 cumei,
960 590 1309 661 quodpetebst,pogaret,

194 667 556 738 esdemeplstolandmouet
567 671 641 731 eum,
656 673 688 719 ut
704 686 733 721 se
770 686 879 741 aequum
892 675 981 723 tamen
995 685 1058 722 eum
1077 686 1094 721 e
1111 686 1140 721 se
1158 664 1306 737 placatum-

194 745 301 797 iacilem
322 745 349 796 in
375 745 455 797 rebus
477 744 680 811 cognoscendis,
703 747 733 799 iu
768 765 823 817 que
842 748 996 801 dimitteret.
1032 746 1101 810 Qure
1120 748 1244 813 exempla
1259 746 1307 815 qni

193 823 345 875 hominibus
354 824 496 876 audiendis
507 824 732 893 admittendisque
769 830 924 894 sequentur,
935 829 964 897 et
975 822 1132 894 dignitatem
1143 824 1307 891 retinebunt,

193 902 321 968 praebeat.
357 902 460 954 Scitum
472 906 514 953 est
529 902 602 970 quod
620 902 654 955 de
669 902 731 955 Plri-
769 898 1106 972 etvitabunteam,quam
1117 901 1212 954 Cicero
1228 902 1308 954 inuti-

181 979 275 1047 lippo,
286 980 435 1033 Alexandri
447 980 545 1047 Magni
556 984 640 1049 patre,
652 982 733 1034 tradi·
768 981 818 1034 tem
829 992 854 1034 et
864 982 975 1035 odiosam
988 996 1047 1049 esse
1064 981 1109 1046 ait,
1126 978 1307 1033 morositatem.

193 1062 245 1121 tur,
257 1074 339 1127 aquo
349 1074 412 1111 cum
424 1062 528 1126 peteret
539 1059 647 1110 anicula
658 1076 732 1127 quae-
769 1059 886 1113 Musei.

192 1137 264 1200 darn,
278 1136 570 1205 utcausamquandam
583 1152 659 1188 snam
670 1153 732 1205 cog-
803 1137 933 1207 Altiusdo]
949 1136 1232 1205 Lugendumlsnitndo.
1250 1135 1309 1189 Ex·
1349 1186 1351 1191 .

187 1220 329 1269 nosceret:
356 1220 534 1283 negassetque
553 1214 598 1266 ille
617 1215 668 1267 sibi
686 1231 732 1267 rs-
768 1222 847 1270 cusat
866 1222 956 1271 autom
976 1218 1087 1271 verbum
1110 1216 1305 1271 duriusculum.

192 1308 273 1347 care:
303 1294 344 1346 Ne
364 1303 436 1345 uacet
454 1294 545 1363 agriter,
567 1293 654 1361 inquit
676 1294 730 1358 illa,
767 1296 824 1359 nit,
845 1296 943 1349 llberos
963 1298 1077 1365 populos
1099 1295 1230 1363 regendos
1247 1310 1306 1347 esse
1370 1313 1371 1317 ¹

191 1388 310 1441 regnare,
334 1372 357 1422 η’
378 1388 429 1423 ann
447 1379 520 1423 ocem
538 1370 636 1424 audire.
671 1372 731 1425 Etsi
767 1387 821 1426 non
833 1374 1017 1427 solumanirno
1028 1374 1160 1442 placabili,
1169 1372 1216 1425 sed
1225 1372 1308 1425 inler-

192 1455 284 1501 autom
295 1450 341 1517 qui
355 1451 389 1501 ad
395 1464 448 1502 eos
459 1450 568 1514 adeunt,
580 1453 687 1518 tempus
695 1452 729 1508 ad
767 1451 832 1505 dum
843 1452 1016 1517 etiamlento‚
1034 1458 1066 1505 ut
1083 1468 1118 1505 ne
1136 1452 1308 1521 impudenter

192 1543 253 1579 eam
273 1543 329 1579 rem
351 1532 532 1595 opportunum
555 1532 664 1595 captare
684 1529 730 1580 de·
766 1530 875 1599 quidem
886 1532 1042 1598 rogantibus
1052 1532 1207 1583 irascamur.
1243 1529 1306 1583 Hu-

191 1605 266 1668 bent,
285 1606 307 1657 si
325 1606 387 1674 quis
403 1611 494 1659 tamen
512 1610 560 1658 aut
573 1606 729 1673 rusticitate,
761 1606 910 1673 jusautem
920 1609 992 1663 vocis
1000 1610 1125 1663 duritiem
1135 1610 1211 1660 notat
1221 1608 1303 1661 otiam

191 1684 729 1751 autcogentonecessitatuautcasuuli-
764 1686 793 1738 in
803 1686 887 1740 Tuso.
899 1690 924 1739 4.
936 1702 995 1755 cap.
1007 1692 1048 1741 19.
1084 1686 1170 1741 Face.
1282 1742 1284 1749 ,

189 1777 253 1829 quo,
264 1778 356 1829 parum
368 1763 529 1831 intempore
541 1765 576 1815 ad
587 1780 634 1817 cos
649 1781 729 1817 rene·
799 1762 1017 1837 Adiurdoaaimt]
1027 1764 1303 1820 Altitudoanimlnon

188 1841 231 1903 rit,
243 1856 297 1892 non
308 1845 350 1893 est
361 1841 490 1893 iracunde
508 1856 541 1893 ec
555 1843 671 1911 superbe
688 1850 729 1896 re-
765 1846 807 1895 est
826 1844 877 1896 lroc
899 1844 959 1897 loco
979 1844 1132 1908 excelsitas,
1151 1843 1194 1897 rel
1214 1844 1304 1895 elatio.

184 1917 328 1984 jiciendus,
347 1935 379 1971 ac
399 1919 585 1988 repellendus:
611 1921 658 1974 sed
681 1926 729 1976 aut
764 1921 819 1973 Sed
829 1916 936 1983 testei,
946 1927 978 1975 ut
986 1938 1048 1975 oum
1058 1920 1217 1975 uminum
1226 1925 1305 1991 pute-

188 1999 338 2052 audiendus
348 1998 387 2053 aio
395 2013 512 2067 quoque,
524 2000 546 2051 si
555 2000 611 2053 lieri
622 2006 726 2069 potest:
764 2016 841 2053 orum
852 2000 974 2065 dicimus,
986 2018 1040 2073 qua
1053 2001 1201 2071 preedilum
1218 2000 1303 2055 homi-

96 2141 100 2144 ,
187 2081 234 2131 aut
241 2081 314 2130 certo
322 2076 426 2144 placide
432 2093 465 2128 ao
472 2078 569 2131 leniter
575 2080 729 2133 commoue-
763 2095 826 2131 nem
838 2084 943 2147 ιςυψιιιυι
954 2080 1043 2133 Graeci
1061 2082 1173 2144 vocant,
1184 2079 1232 2148 qui
1248 2094 1303 2131 non

186 2155 370 2219 faciendus,ut
377 2159 484 2223 tempus
495 2156 570 2209 aliud
582 2159 728 2211 commodi·
763 2158 853 2209 statim
872 2158 975 2224 detegit
991 2174 1084 2211 omnes
1104 2159 1187 2213 animi
1205 2164 1303 2223 motus,

187 2249 221 2284 us
236 2233 342 2300 capiat:
360 2233 728 2305 essealiosqnoquc,quibus
763 2251 851 2303 neque
873 2252 919 2289 eos
940 2238 967 2289 in
991 2242 1116 2306 promptu
1138 2237 1228 2299 habet,
1254 2236 1302 2289 sed

186 2312 382 2363 consulendum
391 2312 442 2363 sit:
460 2316 489 2364 et
500 2330 608 2382 aequum
620 2316 728 2383 easeip-
763 2313 839 2366 abdit
858 2329 890 2366 ac
910 2314 979 2381 tegit
994 2330 1058 2367 cum
1076 2330 1145 2383 opus
1162 2318 1217 2369 est:
1235 2330 1302 2384 qua-

186 2390 223 2441 sis
240 2404 347 2457 quoque
365 2390 515 2443 rectoribus
535 2392 653 2459 aliquem
672 2384 732 2447 diei¹
762 2392 817 2443 lem
837 2407 894 2444 csse
908 2392 1069 2459 Pompeium
1083 2394 1139 2461 ipse
1151 2394 1249 2445 alicubi
1261 2393 1302 2446 di-

165 2473 290 2535 -partem
309 2466 344 2518 ad
366 2468 486 2521 curanda
504 2484 623 2538 corpora,
641 2475 672 2524 et
690 2472 726 2525 sd
762 2470 800 2523 cit
816 2470 844 2521 in
854 2470 978 2537 epistolis
989 2471 1023 2523 ad
1035 2471 1174 2523 Atticum:
1192 2475 1220 2524 et
1234 2486 1301 2539 qua-

185 2545 726 2618 animiquietem,relaxationemqueoon·
762 2549 816 2600 lem
834 2547 974 2601 'liberium
989 2549 1144 2615 Augustum
1155 2547 1237 2601 luisse
1248 2549 1303 2601 liis-

185 2625 255 2677 oedi.
280 2621 440 2693 Eademque
449 2628 562 2679 comitas
573 2629 726 2683 adhibenda
761 2626 1099 2696 toriaeioquunrur.1nsn.
1116 2624 1237 2678 Altitudo
1245 2625 1303 2678 oni·

183 2703 724 2775 estadversuseosquoque,quiquaedam
761 2705 806 2769 nri,
823 2720 879 2775 que
897 2704 1000 2771 dicitur,
1016 2706 1066 2758 &c
1103 2704 1208 2757 Locum
1228 2703 1300 2757 hunc

183 2781 319 2835 interdum
339 2798 433 2851 parum
452 2784 597 2851 prudenter
612 2791 724 2853 rogant:
760 2782 892 2838 iilustrare
915 2784 1038 2853 merique
1064 2786 1155 2852 potest
1176 2782 1207 2835 id
1225 2782 1300 2851 quod

184 2866 281 2915 utnon
292 2879 385 2931 aspere
403 2878 465 2914 cum
483 2863 523 2915 eis
541 2877 661 2931 egemus,
678 2880 725 2917 ne-
760 2864 860 2931 legitur
881 2863 910 2916 iu
933 2864 1028 2917 Periit.
1052 2864 1160 2916 Orator.
1182 2878 1242 2931 cup.
1255 2866 1299 2916 22.

184 2956 237 3009 que
248 2956 295 2995 eos
306 2943 411 3006 acerbe,
428 2957 462 2995 ao
477 2944 673 2996 contumeliose
683 2951 731 2996 re·¹
760 2941 812 2994 Eat
828 2942 936 2995 altitudo
957 2942 1039 2995 urrinni
1057 2942 1087 2994 ιἰι
1110 2940 1238 3011 capiendi
1259 2942 1299 2993 in·

184 3019 330 3085 pellamus:
348 3021 398 3073 sed
415 3019 568 3087 efficiamus,
579 3026 612 3074 nt
621 3022 673 3089 ipsi
683 3023 724 3075 iu·
758 3020 902 3085 commodis,
913 3019 1182 3091 mmardneinjnriia.
1217 3016 1298 3073 Hanc

183 3098 313 3163 telligcnt‚
333 3099 468 3167 planeque
489 3100 600 3153 videant
620 3101 723 3153 invere-
760 3104 850 3167 autem
871 3099 1020 3165 formulam,
1040 3116 1096 3169 qno
1110 3098 1215 3163 dimne,
1231 3114 1299 3167 quo-

185 3176 301 3227 cnndam
318 3193 377 3229 esse
396 3178 552 3245 petitionem
572 3194 657 3239 marn,
676 3195 722 3232 ne-
756 3180 832 3240 niam
844 3178 1049 3232 soletadhibere
1059 3177 1175 3251 Tullius,
1191 3177 1239 3229 ubi
1252 3193 1297 3231 vo·

184 3268 247 3321 que,
267 3254 317 3306 sibl
341 3269 399 3321 nos,
419 3257 493 3309 salva
513 3257 616 3309 ratione
635 3259 722 3322 officii,
758 3257 885 3309 caltulum
908 3256 1052 3325 quodpiam
1080 3255 1207 3309 Graeoum
1236 3256 1298 3309 aub-

183 3330 296 3400 obsequi
313 3347 401 3399 posse.
429 3333 518 3387 Valde
540 3335 643 3387 amicus
665 3341 722 3389 crat
753 3332 898 3401 juncturus
909 3338 959 3397 est,
974 3334 1001 3396 ln
1019 3350 1073 3403 quo
1085 3333 1127 3387 vis
1143 3334 1209 3387 insit
1224 3339 1299 3388 unte-

180 3409 357 3463 'llremistocli
368 3414 448 3478 poeta
463 3411 621 3466 Simonides
650 3414 721 3466 Cum
757 3412 879 3466 cedentis
889 3413 995 3475 Latini;
1013 3412 1108 3482 opinor
1117 3413 1244 3481 scriptum
1256 3412 1304 3484 inq

180 3488 264 3555 igitur
282 3489 311 3540 in
334 3490 491 3556 magistratu
508 3495 580 3541 esset
599 3489 722 3544 iliemis-
756 3492 824 3544 isse:
843 3490 1120 3561 pessumdetur.
1137 3492 1302 3560 Neqnerlis-

180 3569 272 3631 tocies,
290 3572 319 3629 et
336 3566 487 3620 Simonides
505 3567 587 3620 fretus
596 3585 637 3635 ea,
659 3585 720 3638 quae
757 3586 882 3624 sensuros
900 3570 1019 3635 arbitror,
1037 3570 1084 3637 qui
1100 3568 1298 3635 hostreslooos

181 3646 231 3697 sibi
251 3663 313 3700 cum
330 3647 376 3701 illo
397 3651 463 3711 erat,
479 3646 666 3713 familiaritate,
680 3649 721 3699 in·
757 3665 793 3701 ex
804 3649 922 3717 epistolis
933 3649 967 3700 ad
983 3648 1107 3701 Atticum
1122 3648 1297 3717 inspexerint.

176 3725 280 3791 justum
292 3726 468 3794 quiddemab
480 3742 514 3777 eo
525 3730 646 3794 peteret:
668 3726 721 3779 Ne·
757 3726 821 3779 Lib.
833 3727 885 3787 lv,
897 3727 976 3795 epist.
984 3730 1011 3779 6.
1029 3731 1127 3785 esitus
1136 3726 1191 3780 mec
1202 3745 1259 3797 quoe
1268 3728 1297 3779 in

180 3819 229 3873 que
250 3814 286 3869 tu,
307 3806 395 3874 iuquit
415 3804 621 3866 Themistocles,
643 3804 721 3857 tonus
756 3805 1044 3875 agendoupparnit.V.
1057 3810 1098 3859 10.
1125 3805 1296 3859 Admiratus

170 3894 253 3953 poeta
270 3882 367 3953 suerit,
390 3899 470 3955 neque
492 3900 542 3955 ego
559 3882 637 3937 lenus
651 3902 719 3955 prm
756 3882 1116 3957 mamdstlsnss‚eumaaloi
1129 3884 1296 3936 redierimus:

179 3973 230 4022 tor,
245 3962 269 4014 ri
287 3964 379 4016 erneis
397 3974 512 4017 nostrum
523 3963 661 4034 quidquam
673 3964 720 4015 ad-
755 3971 828 4015 tanta
838 3962 902 4015 milri
912 3964 995 4029 pules
1004 3961 1082 4033 injus
1091 3961 1294 4015 uirtutisdatur.

178 4057 265 4093 serm
276 4039 344 4109 leges
352 4040 456 4109 fecerit.
492 4042 555 4095 Hoc
565 4043 660 4095 Greeoe
670 4043 718 4094 ali·
755 4040 806 4095 Vl.
818 4045 842 4093 l.
862 4038 1196 4100 emmerammensis
1206 4038 1293 4109 Appio

180 4126 283 4191 quanto
303 4119 400 4171 dicitur
422 4123 546 4183 suavius3
563 4122 636 4190 quod
657 4120 718 4188 ejus
754 4118 1294 4189 tibi...prodo;oelsmeaterguudeo.Qua

169 4201 267 4267 'gentis
275 4198 375 4265 lingua,
386 4201 414 4250 et
421 4199 502 4267 leges,
513 4199 611 4268 quibus
622 4200 717 4253 civitas
754 4200 789 4252 de
804 4213 875 4251 voce
891 4198 930 4250 sic
952 4196 1066 4249 Rosius:
1084 4199 1203 4247 mttere
1221 4208 1292 4251 vocat

178 4282 350 4346 temperatur,
378 4280 407 4328 et
427 4278 553 4344 quaedam
575 4282 717 4347 poetarum
746 4276 962 4340 taciturnitatem,
978 4285 1004 4327 et
1021 4270 1145 4326 nouum
1161 4272 1247 4344 eirena
1264 4276 1295 4330 ds

178 4357 328 4421 cantilenae,
345 4354 442 4407 eodem
459 4356 716 4411 nominenooantur.
753 4355 999 4418 recalcitrantem,
1017 4351 1294 4421 tempestuosum
1353 4386 1355 4395 ν

125 4452 130 4458 ·
178 4432 233 4488 Sed
254 4434 407 4503 illoneque
429 4432 581 4500 obJurguvit
602 4436 770 4489 Simoni-.c
784 4434 914 4506 porciam
930 4430 989 4485 eliis
1003 4428 1065 4507 ism
1081 4426 1149 4497 uro,
1166 4430 1293 4502 inquibus
1353 4430 1356 4437 '

177 4515 249 4578 dem,
260 4528 348 4581 neque
358 4512 487 4566 iracunde
499 4528 561 4570 eum
573 4531 589 4566 a
600 4532 629 4568 se
638 4531 717 4585 repu·
752 4514 867 4567 &merto
877 4511 915 4567 ito
926 4509 1013 4577 heret,
1029 4518 1058 4563 ut
1075 4524 1126 4565 nors
1142 4522 1292 4581 apparuero.

213 4606 276 4645 roe.
290 4604 320 4645 ιι.
788 4596 827 4645 (ιι
1066 4606 1068 4612 ’
