3234 5217
320 389 398 460 'odo
560 413 565 422 ·
628 386 906 444 nunnoni
930 385 1133 444 osonum

325 550 379 590 non
394 534 516 604 poseat
531 547 611 586 eosa
632 531 806 602 philosophia,
817 533 863 602 qui
899 533 1034 600 gestionem
1050 545 1148 599 magna
1166 529 1343 596 contentione,
1370 547 1433 586 oon-

326 612 495 682 opinionibus
512 611 638 672 nitantur,
656 611 798 680 plurimum
809 611 864 664 dis-
899 609 1040 679 furtimque
1050 608 1257 678 properantibus,
1269 612 1300 661 ut
1310 625 1356 661 eos
1366 627 1434 678 prae-

326 691 397 744 tare:
417 688 560 758 valpotius
576 687 745 742 dioitomnes
762 689 796 742 ad
814 689 863 741 sei·
899 688 970 757 rupti
990 687 1098 758 quidam
1119 687 1217 756 seopuli
1238 686 1370 753 disjieiant
1394 688 1433 741 ab

326 768 426 822 entiam
440 767 577 836 pervenire
595 765 694 832 eonari,
712 767 785 818 etad
802 781 863 822 earn
900 765 1036 820 uommnni
1045 765 1158 831 tramite,
1169 769 1197 819 et
1213 779 1433 834 suamquemque

327 845 399 900 omni
419 845 508 898 studio
526 843 599 907 eniti,
614 842 661 896 sed
677 860 741 898 enm
761 845 864 896 diuersa
900 844 1023 897 semitam
1034 843 1164 896 diversnm
1174 842 1239 896 inire
1248 847 1351 910 cogant.
1377 843 1432 896 Sed

327 924 452 986 sentiant,
462 921 557 976 morito
568 921 745 975 Academioos
757 924 865 974 senten
900 926 929 975 et
946 923 1056 974 alterum
1073 920 1191 974 indidem
1209 921 1348 989 colligitur,
1370 937 1435 991 pru·

328 1003 392 1055 tiam
404 1001 534 1055 sustinere
552 1015 637 1061 suum,
655 1015 688 1052 ne
705 1003 805 1052 temere
824 1015 865 1051 as-
901 999 996 1052 dauter
1014 999 1106 1052 ieoisse
1122 998 1306 1063 Auadernioos,
1320 1000 1366 1067 qui
1377 1004 1433 1052 tam
1503 1017 1505 1024 ’

328 1079 483 1133 sortiamur.
517 1077 588 1132 Nam
599 1078 769 1130 temerarium
785 1081 864 1140 esset,
900 1077 1008 1130 iuoertis
1018 1077 1183 1145 opinionibus
1199 1077 1375 1131 assensionem
1386 1078 1435 1130 mi-

328 1158 463 1230 iueognito
477 1157 576 1210 falsove
588 1155 715 1209 maentiri.
738 1154 864 1208 Touana.
902 1156 973 1210 nime
985 1154 1113 1208 dederint.
1148 1154 1302 1209 Luscinos.

329 1236 437 1290 Adosrs.
446 1234 532 1294 XIV.
544 1237 585 1287 la
936 1233 998 1286 Nou
1017 1232 1095 1300 longe
1107 1232 1140 1285 ab
1155 1231 1230 1285 initio
1244 1232 1302 1284 libri
1313 1232 1389 1300 primi
1399 1232 1434 1284 de

363 1315 486 1370 Venatus
502 1312 545 1366 bie
555 1312 631 1365 loeus
642 1327 659 1363 a
670 1311 761 1364 multis
768 1310 865 1364 multo
902 1311 1004 1364 Natura
1021 1309 1137 1364 Deorum
1153 1309 1318 1364 laeuuaboee
1334 1311 1434 1378 pridem

328 1409 389 1448 rum
399 1389 754 1464 quoquevexaritiugeniar
773 1390 866 1458 itaque
901 1392 994 1442 notata
1010 1393 1059 1442 est.
1096 1389 1200 1457 Nempe
1216 1387 1313 1457 inipso
1327 1389 1437 1442 exordio

329 1471 473 1524 admodum
485 1469 556 1522 varie
574 1472 604 1522 et
619 1469 764 1533 leotitatns,
778 1470 808 1519 et
819 1481 866 1518 ex·
902 1467 983 1520 totius
993 1465 1187 1534 disputationis,
1196 1467 1268 1535 qnod
1274 1466 1436 1533 estejusmo·

329 1549 431 1618 positus
442 1552 492 1603 est.
528 1547 615 1601 Aldus
625 1545 767 1601 Manutius
782 1545 822 1597 ita
831 1544 867 1596 le·
902 1544 943 1597 di:
962 1543 1172 1596 ammodum
1187 1543 1215 1596 ia
1228 1543 1437 1616 philosophiam·

328 1617 437 1696 pltr'lls
448 1643 541 1698 magas
552 1622 866 1696 emundabant,
902 1637 1028 1692 musra
1045 1621 1107 1674 aare
1124 1621 1205 1674 adlato
1226 1621 1353 1693 eaptiauroe
1371 1633 1438 1688 eost,

329 1701 868 1774 auea‚um‚paaapsaapaaapau
902 1697 1352 1769 messanensem
1365 1701 1440 1754 ‚aaa
1530 1747 1533 1750 .

329 1784 555 1838 eminam
584 1779 674 1844 Quam
684 1781 807 1845 solenter,
817 1781 868 1833 soi·
902 1795 942 1829 ore
958 1776 1071 1847 mnus,
1088 1784 1113 1827 et
1125 1775 1439 1846 pnodsooruquoeslrbest

330 1866 424 1915 antuus
435 1857 767 1924 virorumestojndieinm.
788 1857 868 1910 Certe
902 1856 933 1907 ds
943 1863 1038 1906 astura
1048 1853 1159 1915 bovam,
1170 1871 1225 1923 pau
1240 1865 1265 1907 st
1274 1856 1440 1927 adeogsdra'e-

330 1939 402 1992 solus
412 1941 451 1992 ita
463 1938 542 2006 legit:
564 1939 594 1988 et
603 1935 756 1988 duriuscule
772 1951 789 1985 a
799 1935 869 1987 'l'ur-
903 1929 1221 2002 mesimipaletmims
1229 1936 1440 2001 ostendendo·
1456 1927 1461 1934 ’

330 2017 410 2081 nebo,
425 2016 472 2070 sed
488 2030 580 2083 presso
596 2014 713 2078 nomine,
731 2013 869 2082 aooipitnr,
904 2007 1164 2080 ruadsmreligiousm
1170 2011 1317 2066 maasia
1335 2011 1439 2082 Deque

331 2093 526 2161 utpanleaute
543 2093 571 2145 in
587 2091 647 2161 ipsa
657 2090 869 2144 Turnebiinter·
904 2096 956 2140 ram
976 2086 1052 2139 ussioe
1071 2096 1130 2140 mur
1147 2085 1342 2143 metuerem
1360 2091 1439 2144 lm.

331 2171 479 2240 pretatione
487 2171 647 2224 andivimus.
689 2169 871 2222 CodesPala-
904 2183 974 2230 nass,
984 2176 1083 2235 umque
1092 2164 1443 2235 &massmannum

331 2247 404 2301 tinus
421 2249 515 2301 tertius
529 2247 659 2302 seim
673 2251 761 2304 mutat
771 2247 799 2301 iu
815 2265 870 2301 ssa-
905 2252 1213 2316 magnoargmasntoesse
1226 2246 1319 2310 dabat,
1331 2265 1439 2312 mmm,

331 2327 453 2380 rasim
468 2327 544 2380 aliter
560 2327 605 2380 ulii
621 2326 729 2394 legunt:
749 2324 871 2378 nominlli
905 2323 934 2375 id
946 2330 990 2388 e'st,
997 2321 1154 2391 principiam
1160 2321 1323 2395 pbilosophis
1335 2326 1441 2379 nusei-

332 2406 417 2474 (quod
438 2405 511 2458 iaetu
531 2405 686 2458 iauillimnm
708 2404 762 2469 esti
784 2409 870 2458 totum
906 2400 1013 2454 sudum:
1037 2400 1221 2470 pneumaque
1240 2401 1403 2456 Aeudesieos
1422 2421 1440 2455 a

331 2484 420 2538 locum
430 2483 705 2552 expunguntquippe
716 2495 796 2551 quem
808 2494 871 2548 apu-
907 2477 980 2530 redas
999 2476 1103 2530 inseris
1120 2480 1284 2534 assensium
1301 2481 1441 2536 celibum.

333 2561 409 2627 rium,
418 2567 447 2616 et
456 2563 690 2630 alienum-putant:
709 2559 756 2612 sed
774 2560 802 2610 id
814 2560 870 2611 sola
907 2555 1046 2616 Mutilum,
1063 2555 1182 2624 inquam,
1193 2574 1251 2612 esse
1262 2558 1333 2612 buno
1344 2561 1441 2624 loeum,

333 2639 652 2709 didieultusexplioandue
663 2638 871 2706 senitentiaeper-
905 2637 1001 2701 praeter
1028 2634 1153 2686 Lambini
1182 2633 1374 2701 auctoritatem,
1396 2638 1443 2706 qni

333 2720 424 2784 suasit
441 2735 502 2788 quea
516 2716 610 2785 gnaris
626 2714 814 2783 interpretibus
825 2713 871 2766 de·
906 2709 976 2763 buno
988 2715 1018 2762 ut
1029 2716 1181 2779 corruptum
1193 2715 1318 2768 uteriseo
1333 2717 1443 2781 neunt,

332 2797 458 2851 elinanda
468 2810 604 2864 nunquam
614 2797 662 2847 est
683 2793 780 2862 Itaque
791 2795 820 2844 et
831 2794 871 2843 tu·
909 2789 1047 2842 sententiae
1066 2791 1148 2858 ipsius
1160 2791 1308 2844 absurditas
1318 2795 1390 2860 uegit
1405 2795 1444 2846 iu-

335 2880 394 2929 tum
407 2876 505 2937 locum,
524 2878 552 2925 et
568 2873 707 2941 vulgatam
723 2871 804 2923 totius
821 2869 873 2920 looi
909 2867 966 2918 tesi.
996 2866 1075 2931 Quod
1085 2867 1165 2918 miror
1176 2867 1330 2921 Manutium
1342 2874 1445 2926 neuri-

334 2955 476 3006 leetionem
493 2953 603 3013 retineo,
614 2954 696 3018 atque
707 2947 872 3014 itaexplieo:
909 2942 988 3004 dbse,
1005 2958 1093 3010 neque
1104 2943 1229 2996 Munatio
1238 2945 1366 3012 majorem
1375 2950 1445 3004 'lim

335 3031 480 3095 summisi
489 3027 694 3100 «σὴρ-ἰωμένη
700 3023 872 3096 pbilosophis,
908 3020 1015 3082 nobum,
1026 3020 1071 3088 qni
1083 3019 1152 3072 bane
1163 3020 1306 3076 lectionem
1324 3028 1445 3084 tuentur.

334 3129 386 3164 me
404 3110 542 3174 adanam,
562 3125 645 3178 quam
661 3105 763 3159 soilieet
779 3117 873 3155 omnes
909 3097 1027 3152 etenim
1045 3113 1173 3152 veronen
1191 3101 1278 3164 rideo,
1294 3119 1349 3172 que
1364 3123 1446 3162 sensu

336 3192 479 3256 appetunt;
496 3188 570 3255 quasi
583 3187 696 3238 diceret:
715 3184 749 3235 de
761 3180 872 3234 deorum
909 3177 1020 3228 seientia
1030 3193 1112 3230 eausa
1123 3185 1151 3232 et
1161 3179 1319 3249 principium
1330 3184 1445 3253 pbiloso-

336 3270 432 3320 natura
442 3264 481 3319 sie
492 3265 597 3316 interae
609 3259 757 3330 philosophi
773 3259 873 3312 dissum
909 3251 1141 3324 phieedieipossit.
1176 3259 1245 3312 Nam
1262 3277 1321 3314 esse
1339 3263 1444 3318 exitum

288 3359 295 3367 ·
336 3345 416 3409 tinnt,
431 3346 464 3395 ut
481 3340 545 3394 iude
562 3339 735 3406 oertooolligi
753 3337 873 3391 rideatur
909 3336 938 3385 ot
953 3334 1033 3386 finem
1049 3336 1199 3403 palamest.
1234 3339 1336 3394 Omnes
1346 3343 1444 3412 quippe

337 3423 388 3474 boo
400 3420 525 3490 primunr,
536 3431 633 3483 nempe
652 3416 679 3468 id
691 3419 778 3468 tolum
788 3412 874 3482 philo·
910 3411 960 3463 boo
971 3413 1080 3466 oonsilio
1097 3415 1132 3468 ad
1149 3415 1388 3486 philosophandum
1400 3437 1444 3474 ae·

337 3492 874 3569 sephaneigenusasqueinstitnsumnee
910 3488 1019 3556 eadunt,
1048 3498 1078 3544 ut
1106 3494 1198 3548 sedula
1226 3498 1445 3563 pervestigatione

336 3593 391 3633 non
408 3576 493 3629 varias
508 3570 722 3644 pbilosophorum
737 3573 823 3622 seetas
838 3583 875 3620 ex
911 3584 1059 3635 pensarum,
1080 3572 1192 3641 alioujus
1208 3573 1246 3625 rei
1263 3573 1318 3626 sive
1335 3575 1446 3630 effeetus

338 3670 372 3708 eo
394 3652 514 3706 scientiae
533 3649 662 3719 appetitu,
684 3647 730 3716 qni
751 3646 875 3700 omnibns
911 3651 1034 3702 naturam
1045 3651 1160 3718 penitus,
1178 3651 1248 3719 quod
1267 3651 1386 3704 soieutise
1404 3659 1446 3708 esi

337 3728 714 3799 innoteseatproieotaseaao:
733 3725 875 3778 dumeuisu
912 3721 1274 3797 munuaeompmbendaut,
1308 3729 1444 3785 Caeterum

340 3811 452 3881 quisque
463 3810 529 3862 seire
540 3810 719 3874 suetamque
731 3804 877 3873 geniopln-
912 3821 991 3875 quam
1015 3811 1118 3860 eertum
1139 3813 1179 3858 eat
1196 3805 1268 3857 buno
1283 3802 1443 3864 'oontextnm

339 3890 437 3944 simum
451 3886 552 3948 tribuit,
564 3899 639 3937 uovae
650 3882 802 3951 eujuspiam
815 3882 876 3935 stel-
912 3901 970 3937 esse
987 3885 1114 3948 binleum,
1133 3889 1185 3935 tam
1205 3882 1310 3937 diffieile
1327 3886 1445 3953 arbitror,

340 3970 383 4034 lus,
394 3967 518 4026 ntaiunt,
535 3963 596 4016 nori
612 3961 682 4014 orbis
695 3960 876 4015 inventionem
912 3977 973 4029 quse
991 3961 1089 4014 desum
1108 3961 1239 4028 supplere.
1281 3958 1314 4014 Id
1335 3963 1444 4032 quidem

341 4047 391 4102 sibi
405 4043 603 4115 appromiltens,
614 4039 714 4091 laetum
725 4044 767 4092 eal
778 4044 810 4092 ut
821 4039 877 4093 abi·
912 4040 1050 4091 meliorum
1070 4037 1196 4090 librorum
1213 4053 1264 4106 ope
1282 4042 1360 4108 plane
1377 4057 1444 4110 prur-

340 4125 409 4179 srint
423 4123 452 4176 in
465 4122 570 4175 diversa
582 4117 739 4187 philosophi,
756 4118 884 4186 sentique
911 4116 975 4168 stari
986 4117 1084 4182 posset,
1101 4114 1265 4168 sterterent
1299 4119 1344 4173 Au
1354 4123 1444 4174 antem

342 4195 875 4264 sintiarariasvarieopinantumclssaas.
909 4196 1013 4255 extent,
1023 4207 1068 4244 me
1077 4192 1152 4245 latet.
1187 4192 1365 4248 Intereavero
1378 4199 1443 4265 quid

342 4274 806 4352 Aequemadmedumintluminibus
813 4285 877 4324 nsu’-
911 4270 976 4324 mihi
992 4285 1065 4324 nune
1076 4269 1110 4322 de
1120 4269 1267 4340 supplenda
1277 4271 1327 4324 hau
1346 4273 1445 4330 laeum

341 4359 423 4422 venit,
439 4362 471 4411 ut
490 4354 640 4425 praecipites
652 4349 737 4420 aquas
754 4348 877 4415 objeotus
911 4349 939 4401 iu
955 4352 1070 4400 mentem
1085 4348 1180 4413 veniat,
1199 4349 1303 4402 diuam,
1319 4351 1362 4404 lta
1381 4353 1445 4406 mjffi

342 4437 422 4499 obex,
437 4441 468 4488 'et
486 4439 564 4500 senta
580 4431 662 4484 molas
676 4426 837 4495 multipliore
848 4425 876 4478 in
911 4425 1003 4478 videor
1024 4424 1093 4478 hano
1113 4441 1191 4495 poma
1212 4423 1340 4496 supplere,
1379 4431 1445 4484 pm

303 4577 306 4583 ,
343 4513 420 4578 usos,
431 4515 573 4580 alveosque
581 4508 696 4570 soiudnt3
713 4506 751 4558 ita
761 4503 877 4575 plerum·
912 4502 970 4555 baeu
981 4502 1074 4556 umba:
1092 4513 1221 4576 „sug-„0
1235 4521 1287 4558 ω,
1296 4520 1445 4579 Μ

344 4605 397 4659 qua
407 4589 475 4642 itin
490 4587 648 4653 bominibus,
659 4583 760 4638 adusti
770 4581 876 4637 investi·
911 4579 1004 4648 dalea,
1014 4581 1161 4650 aalma
1169 4593 1214 4650 m,
1225 4583 1445 4658 ,mmm
