3234 5217
611 363 911 428 concussus.
1101 395 1104 403 f
1247 367 1379 437 903Ι

516 581 626 637 vaus.
645 582 671 638 a
689 583 904 670 uovsssruo
922 585 1012 640 ccx.

242 707 275 761 L.
284 700 483 777 ipsemecum]
502 703 622 755 Castoris
639 705 667 755 et
687 704 749 756 Pol·
785 705 929 768 Limo,cui
940 705 1041 758 Fausta
1052 707 1114 758 ante
1129 721 1230 774 paucos
1249 721 1324 760 meu-

205 787 276 839 lueis
292 784 426 852 templum
445 782 585 846 Metellus,
601 798 684 850 quem
701 797 750 835 uo·
783 799 827 835 ses
846 789 975 852 nupserat
991 784 1283 848 dimissaaMemnsio,
1295 789 1324 840 et

204 866 300 928 mluat,
318 862 432 936 reiecit„
455 859 649 915 laudaverunt
664 858 750 913 Scau·
783 861 977 927 T.Peduceus‚
989 863 1061 916 etc.
1073 861 1151 925 Cato,
1165 865 1193 914 et
1210 863 1252 915 M.
1259 863 1325 916 Ole-

204 958 265 994 rum
282 941 438 995 consulares
458 954 568 1000 novem,
584 938 617 990 L.
629 937 701 1004 Piso,
713 939 747 991 L.
783 954 834 990 nas
850 939 1003 994 Curtianus.
1031 941 1184 993 Sententiae
1204 942 1325 994 tulerunt

205 1019 357 1083 ⁴Volcatius,
380 1019 414 1081 Q.
426 1016 558 1069 Metellus
580 1016 681 1085 Nepos,
704 1017 747 1070 Μ.
784 1021 920 1069 senatores
932 1017 985 1070 duo
997 1022 1027 1070 et
1037 1033 1086 1070 xx.
1104 1019 1208 1087 equites
1222 1023 1277 1071 tres
1295 1022 1324 1071 et

206 1100 356 1165 Perpenna,
380 1096 415 1149 1..
427 1095 575 1163 Philippus,
591 1095 633 1148 M.
644 1095 748 1159 Cicero,
783 1108 836 1146 xx.
856 1095 957 1147 tribuni
979 1096 1065 1147 aerarii
1088 1109 1138 1148 xx.
1161 1113 1196 1149 ex
1225 1097 1324 1164 quibus

195 1177 242 1240 Ω.
256 1173 427 1238 Hortensius,
436 1174 468 1226 P.
476 1173 602 1225 Servilius
614 1173 749 1224 Isauricus
783 1172 980 1226 damnaverunt
989 1176 1125 1226 senatores
1135 1188 1173 1226 rv.
1182 1175 1287 1244 equites
1295 1189 1326 1228 ιι.

205 1257 291 1323 pater,
303 1253 355 1305 Cu.
370 1251 514 1319 Pompeius
526 1251 655 1317 Magnus.
690 1250 749 1310 Ho-
783 1249 885 1304 tribuni
895 1265 926 1304 11.
950 1250 1018 1303 Cato
1038 1253 1144 1319 praetor,
1160 1268 1223 1303 cum
1243 1253 1326 1306 vellet

206 1348 266 1385 rum
275 1345 375 1397 magua
385 1345 447 1397 pars
465 1345 514 1398 per
532 1329 638 1382 tabulas
656 1328 749 1381 lauda-
784 1328 819 1382 de
837 1329 1039 1382 accusatoribus
1058 1330 1086 1381 in
1109 1331 1254 1382 consilium*
1263 1331 1326 1383 mit·

206 1412 312 1473 rerunt,
338 1406 412 1477 quia·
429 1407 555 1470 aberant;
582 1408 654 1458 iuter
679 1421 749 1475 quos
782 1411 851 1473 tere,
859 1407 1130 1477 multiqueepopulo
1139 1408 1325 1472 manurinao-

205 1488 353 1555 Pompeius
368 1501 494 1555 quoque:
511 1501 575 1538 nam
594 1485 668 1552 quod
689 1490 749 1538 erat
782 1491 920 1539 cusatoros
935 1485 1114 1548 intenderent,
1126 1486 1207 1538 cessit
1217 1487 1325 1555 imperi-

113 1600 115 1609 =
205 1566 471 1635 proCousule‚extra
481 1564 575 1616 urbem'
583 1564 747 1618 morabatur.
783 1569 820 1617 tae
829 1565 1006 1629 multitudini,
1018 1580 1050 1616 ac
1061 1568 1167 1634 postero
1175 1563 1252 1616 dieiu
1260 1581 1325 1618 oon·
1424 1586 1428 1598 ·

205 1643 286 1696 Unus
303 1648 435 1711 praeterea
454 1642 609 1695 adolescens
627 1641 749 1695 laudavit
783 1643 874 1696 silium
886 1643 920 1695 de
933 1636 1264 1698 calumniaaccusatorum
1274 1645 1326 1696 mi-

205 1723 288 1774 irater
299 1720 358 1787 ejus
366 1721 483 1773 Faustus
505 1718 646 1772 ‘Cornelius
664 1720 746 1787 Syllae
783 1723 827 1775 sit.
840 1722 872 1774 C.
882 1722 1001 1774 Triarius
1020 1721 1244 1788 uullam'gravem
1264 1737 1324 1774 sen·

174 1800 284 1854 ,iilius
319 1796 745 1851 lsinlaudationemultahumi·
782 1800 897 1854 tentiam
914 1799 1017 1854 habuit.
1053 1799 1250 1866 subscriptores
1265 1799 1324 1866 ejus

204 1878 265 1931 liter
287 1882 315 1931 et
333 1893 398 1928 curu
418 1874 542 1942 lacrymis
557 1875 674 1940 locutus,
690 1889 745 1927 non
782 1875 826 1931 M.
839 1877 1136 1942 superordinatus
1148 1878 1240 1944 denas,
1252 1880 1322 1941 elL.

204 1957 295 2008 minus
323 1954 463 2008 audientes
489 1954 629 2022 permovit,
664 1969 747 2022 quam
782 1957 888 2011 Marius
899 1963 954 2010 tres
965 1973 1058 2023 graves
1069 1957 1228 2011 habueruut.
1255 1947 1324 2012 Oato

118 2080 122 2086 ,
204 2035 323 2086 Scaurus
334 2034 392 2102 ipse
404 2035 579 2101 permoverat.
605 2032 748 2098 Adgenua
783 2042 884 2104 praetor
891 2036 1035 2103 judicium,
1047 2036 1112 2104 quia
1122 2039 1217 2088 aestate
1228 2039 1326 2106 ageba-
1420 2103 1422 2110 Ι

201 2111 338 2178 judicum,
360 2127 424 2164 oum
447 2110 588 2184 sententia
608 2109 747 2176 ferrentur,
782 2120 835 2180 tur,
846 2117 903 2167 sine
923 2115 1016 2167 tunica
1034 2115 1164 2178 exercuit,
1184 2117 1326 2184 campestri

135 2220 141 2230 ·
206 2189 328 2242 bifariam
340 2204 369 2240 tte
381 2187 530 2240 diviserunt
539 2187 587 2254 qui
598 2203 645 2254 pro
663 2202 696 2237 eo
705 2203 748 2238 ro·
783 2194 834 2246 sub
854 2197 918 2260 toga
938 2193 1054 2247 cinctus:
1073 2193 1101 2245 in
1113 2193 1200 2246 sorum
1217 2211 1326 2264 quoque
1386 2231 1390 2244 ,

206 2269 324 2335 gabautt
343 2266 378 2318 ab
394 2265 542 2318 uuolatere
554 2265 669 2317 Scaurus
680 2265 746 2333 ipse,
782 2271 823 2324 sic
834 2270 1020 2335 descenderat,
1028 2270 1128 2339 jusque
1145 2273 1268 2325 dicebat:
1285 2274 1326 2325 id-

205 2354 234 2403 et
242 2349 284 2402 M.
297 2348 408 2401 Glabrio
426 2347 523 2399 sororis
539 2347 619 2413 iilius,
630 2350 659 2399 et
677 2348 747 2399 Pau·
784 2365 837 2418 que
844 2351 977 2415 repererat
985 2353 1114 2400 exuetere
1123 2351 1325 2415 consuetudine,

205 2431 257 2494 lus,
276 2430 305 2479 et
326 2428 359 2480 P.
383 2426 516 2478 lentulus
535 2426 645 2477 Lentuli
668 2426 747 2492 Nigri
783 2426 934 2478 secundum
955 2442 1035 2492 quarn
1060 2430 1088 2477 et
1109 2425 1217 2478 Romuli
1236 2428 1324 2480 aetatis

205 2507 336 2562 Flaminis
345 2505 425 2567 lilius,
431 2507 459 2556 et
467 2504 504 2564 1.
510 2503 636 2556 AEruilius
650 2503 747 2556 Bucco
784 2508 881 2558 statues
893 2504 921 2554 in
933 2503 1075 2574 Capitolio,
1082 2505 1148 2556 etin
1162 2503 1262 2558 Rostris
1271 2507 1323 2558 Ca-

203 2587 283 2649 tilius,
300 2577 374 2637 et'C.
387 2582 535 2636 Memmius
550 2582 652 2634 Fausta
668 2578 747 2632 na'tus
783 2584 850 2636 milli
872 2581 988 2648 luerunt,
1010 2585 1110 2650 togatos
1132 2581 1190 2633 siue
1218 2583 1324 2635 tunicis.

204 2664 486 2732 supplicaveruntzex
496 2661 579 2712 altera
589 2659 746 2728 parteSylla
784 2662 893 2718 Asson.

204 2742 322 2795 Faustus
332 2740 414 2793 irater
424 2738 526 2802 Scauri,
534 2737 601 2791 etC.
610 2737 748 2807 Apronium

595 2903 672 2960 PRO
696 2903 733 2958 A.
751 2903 926 2958 GABINIO.

239 3027 375 3092 Quoniam
387 3025 421 3078 de
435 3024 601 3077 orationibus
617 3023 744 3091 diximus,
780 3023 941 3093 defensionis,
951 3032 995 3076 eut
1002 3021 1162 3092 petrapium
1172 3019 1270 3076 audam
1280 3022 1320 3076 a·

205 3121 274 3174 quas
293 3104 405 3172 scriptas
423 3103 518 3169 edidit,
527 3103 656 3170 sequitur,
667 3106 699 3156 ut
709 3102 744 3154 de
780 3102 887 3157 omium.
908 3101 1022 3165 Quintil.
1040 3101 1091 3154 IV.
1110 3104 1133 3153 l.
1161 3099 1249 3154 C‘ieero
1268 3118 1321 3170 pro

203 3183 237 3235 iis
258 3183 340 3234 etiam
362 3182 485 3234 dicamus
505 3181 613 3248 aliquid,
632 3197 700 3249 quas
716 3180 744 3234 iu
780 3178 879 3233 Scauro
890 3178 1059 3244 ambitusreo,
1071 3187 1109 3230 est
1125 3178 1153 3230 iu
1165 3177 1321 3232 Commeatu-

204 3260 411 3313 Commentariis
430 3259 547 3328 reliquit.
594 3259 648 3312 Hic
670 3259 744 3312 enim
780 3258 895 3322 susa.
920 3257 959 3311 Ut
978 3263 1069 3312 autem
1088 3256 1182 3309 Scauri
1194 3273 1276 3308 causa
1285 3259 1319 3312 de

203 3339 325 3401 omnium
336 3337 592 3402 defensionum,sive
602 3352 744 3393 causarum
781 3337 885 3390 ambitu
903 3335 994 3390 extitit
1010 3335 1038 3388 iu
1056 3335 1269 3400 Commentariis,
1280 3337 1320 3390 sic
1408 3337 1410 3343 ’

175 3449 178 3453 >
203 3435 272 3488 quas
294 3421 402 3470 acturus
422 3419 494 3468 esset
514 3416 652 3468 memoriae
671 3433 744 3468 com·
780 3413 862 3468 etism
872 3414 908 3468 A.
918 3414 1034 3468 Gabinii.
1065 3413 1320 3466 Proditumhoce'st

202 3494 347 3548 mentarios
355 3494 469 3547 scribere
481 3495 575 3547 solitus
585 3494 644 3546 fuit.
669 3493 745 3557 Quas
778 3491 874 3544 litteris
894 3509 911 3544 a
928 3491 963 3546 D.
977 3492 1143 3558 Hieronymo
1154 3489 1181 3542 in
1199 3492 1321 3559 apologia

203 3580 296 3629 autem
315 3591 344 3641 se
358 3573 476 3627 maxime
495 3574 615 3644 expolire
633 3571 745 3628 videbat
781 3569 907 3623 adversus
924 3570 1051 3624 Rufinum
1067 3569 1108 3621 his
1126 3568 1226 3621 verbis:
1247 3569 1321 3624 Unde

201 3672 289 3726 posse,
301 3670 356 3718 eas,
367 3656 545 3722 posteaquam
563 3652 670 3720 egisset,
685 3652 745 3704 dili-
779 3658 805 3701 et
816 3648 916 3702 Tullius
933 3649 961 3702 ia
977 3647 1319 3702 Grammaticorum

201 3735 309 3804 gentius
320 3734 433 3801 scriptas
444 3732 538 3794 edere;
550 3748 617 3800 quas
623 3747 678 3784 nou
684 3747 744 3799 pro·
775 3744 828 3798 pro
839 3727 875 3780 A.
889 3720 1005 3793 Gabinio,
1017 3727 1085 3798 Ego,
1094 3725 1185 3796 inquil,
1194 3743 1252 3778 uon
1267 3743 1320 3778 om-

201 3811 286 3878 baret,
307 3813 337 3866 in
358 3811 564 3864 Commentariis
594 3810 745 3877 relinquere
779 3806 1096 3860 mimmimtasroordas
1110 3821 1208 3873 semper
1222 3804 1319 3874 procot,

201 3891 349 3944 consuerit.
368 3890 448 3955 Quod
460 3889 532 3941 idem
546 3889 580 3940 de
590 3904 620 3940 se
630 3889 668 3940 ait
675 3883 755 3941 Cato'
779 3885 829 3938 liro.
848 3885 950 3938 Fuerat
958 3887 1050 3936 autem
1061 3883 1176 3945 Gabinio
1193 3879 1320 3934 inimicis-
1430 3939 1432 3946 Α

202 3967 278 4036 apud
297 3985 359 4022 eum
379 3968 408 4020 in
430 3968 498 4020 libro
521 3967 555 4019 de
582 3967 742 4022 Senectute:
779 3963 871 4029 simus,
889 3962 988 4031 quippe
1009 3977 1063 4032 quo
1080 3959 1188 4018 consule
1209 3958 1319 4011 civitate

202 4045 345 4099 &murum
364 4044 503 4099 illustrium
520 4061 679 4116 quormque
701 4045 744 4097 de-
778 4039 979 4110 iueratpulsus.
1013 4041 1078 4092 Post
1101 4041 1192 4089 autem
1210 4052 1272 4089 cum
1285 4053 1319 4090 eo

194 4123 282 4196 feudi,
293 4141 361 4176 amre
368 4140 445 4192 parm
451 4125 560 4177 maxim
571 4123 675 4194 conficio
685 4141 744 4176 ora·
777 4134 915 4174 reversum
926 4119 954 4170 in
966 4118 1078 4186 gratiam
1086 4115 1202 4167 cundem
1212 4114 1239 4166 in
1245 4113 1319 4183 judi·

202 4204 291 4260 usses.
321 4202 365 4254 De
376 4202 474 4269 quibus
484 4203 694 4258 Commentariis
704 4203 743 4256 sic
779 4197 822 4252 cio
833 4197 985 4250 defendisse
1002 4196 1059 4262 ipse
1079 4196 1192 4246 testatur
1205 4191 1234 4244 iu
1252 4198 1319 4248 orat.

202 4283 284 4336 video
302 4280 435 4349 scripsisse
456 4281 604 4335 Asconium
622 4282 652 4334 iu
670 4297 744 4334 com
778 4292 827 4345 pro
839 4274 951 4330 Rabirio
963 4274 1095 4327 Postumo.
1125 4272 1243 4326 Eosdem
1256 4289 1320 4326 vero

204 4359 336 4412 mentario
347 4358 474 4411 orationis
483 4358 512 4410 in
523 4359 600 4426 Toga
611 4360 742 4412 candidas
779 4356 863 4408 etiam
873 4352 1086 4406 Commentarios
1101 4351 1260 4404 aDiomcde
1279 4353 1319 4406 in-
1341 4379 1343 4384 v

205 4429 746 4506 P'retereamucetme,quodeamsiateons·
779 4433 864 4501 telligi
874 4433 993 4497 arbitror,
1004 4447 1067 4484 cum
1079 4431 1131 4485 ait:
1150 4429 1239 4483 clem
1260 4449 1320 4487 aaa·

204 4514 326 4567 mati
344 4513 474 4568 Εἰσίνοπὲε
493 4531 598 4567 numm
615 4515 693 4568 etium
702 4516 746 4568 de·
780 4530 868 4568 sorum
898 4508 986 4566 XIII.
1033 4507 1076 4566 Re
1096 4509 1205 4580 waddo,
1226 4510 1319 4566 ilerum

193 4592 356 4664 seusium,
364 4591 747 4663 commentoriumtcmeulrujus
781 4601 875 4662 capta,
896 4591 1008 4646 suos.
