3234 5217
654 368 715 429 ne
738 371 890 469 utro..
937 445 941 450 ,
1240 374 1312 449 rar
1336 428 1341 442 ,

240 515 394 576 ratmot
404 517 456 589 ἂι]
468 516 503 575 ld
514 520 556 579 cer
566 516 669 577 munia.
687 520 742 579 Pla,
777 519 862 575 brim
872 515 1019 590 Aprum
1028 516 1162 585 mutan,
1172 536 1208 573 en
1224 538 1316 591 eom

202 598 318 657 niualib,
331 597 446 667 II..cap.
456 600 500 650 41.
517 595 743 667 Horetiprobrn·
765 596 889 651 'a'nveor're
905 607 997 667 porres,
1014 614 1088 665 qroem
1100 596 1202 649 omnino
1218 597 1316 651 nullm

203 674 265 729 moli
273 677 314 729 die
322 674 476 746 ntrpensoin
485 674 557 729 tectis
564 674 743 727 arentirlrerbo
778 676 896 729 babebat:
912 676 980 735 editu
996 691 1052 726 rorr
1068 684 1113 739 ert,
1129 692 1186 727 enm
1202 676 1316 731 invenu-

199 752 308 825 pulegr'r'.
326 754 423 807 Cicero
431 752 465 805 de
475 752 566 805 Divin.
576 752 621 827 lib.
634 751 672 805 lI.
683 767 742 820 cap.
778 772 837 807 rum
848 770 1005 824 equumque
1012 752 1119 821 periret.
1155 751 1315 822 Itoqneem

205 836 246 886 14.
269 831 413 903 Pnleginm
423 830 525 883 aridum
535 829 674 900 jbrrercerc
689 830 744 899 ipro
778 832 902 901 inregem
910 830 1028 885 ductum
1038 829 1246 899 {andreatem
1257 849 1315 882 ron-

140 950 148 963 ,
203 906 314 963 moli
335 910 384 973 die,
406 907 479 977 qnod
499 908 534 959 ad
555 908 744 975 contagionem
779 907 1112 968 tumeliircrelccerritum,
1131 905 1186 977 q'nr
1195 906 1315 977 jur-rude

204 988 292 1053 refert.
327 988 494 1063 Exemplum
506 988 595 1038 autem
607 986 744 1053 quoddam
780 984 1111 1053 raxo,eninomeoEQUO
1123 986 1318 1055 caenomani-

205 1065 374 1120 aPosidcnio
385 1065 473 1119 suerat
483 1064 635 1127 inductum,
653 1065 744 1133 inquo
781 1074 849 1119 tetur
860 1074 906 1117 est.
924 1064 1027 1128 Strabo,
1038 1064 1083 1117 tib.
1092 1063 1174 1117 XIV.
1185 1080 1317 1131 gramma-

204 1144 321 1198 saluisse
339 1143 447 1197 dicebat
464 1142 518 1193 rim
536 1140 629 1194 sideris
639 1141 745 1196 bruma·
781 1144 865 1198 ticum
874 1143 955 1195 fuisse
963 1141 1063 1206 scribit,
1071 1146 1098 1193 et
1105 1143 1133 1194 in
1141 1145 1233 1195 monte
1243 1142 1317 1194 Tho-

203 1221 245 1287 tis,
263 1225 364 1274 eventu
380 1221 409 1272 in
427 1220 480 1272 iilis
495 1219 648 1272 bominibus
663 1222 744 1272 testa-
780 1238 842 1275 racc
862 1221 987 1273 suffixum
1007 1220 1035 1272 in
1053 1235 1143 1281 cruce,
1156 1220 1228 1288 qood
1240 1235 1316 1286 regen

204 1302 270 1363 tam,
278 1300 361 1366 quod,
372 1296 445 1353 verbi
457 1297 551 1363 gratia,
563 1296 664 1364 frigidis
675 1312 745 1350 mor·
781 1300 904 1366 Pergami
922 1298 1120 1351 contumeliosis
1134 1298 1255 1351 versibus
1276 1300 1317 1351 in-

205 1375 248 1429 bis
259 1375 371 1427 obnoxii
378 1374 485 1429 inerint.
522 1374 606 1429 inan.
781 1383 920 1432 cessent:
936 1377 1009 1429 unde
1026 1380 1120 1429 natum
1139 1376 1316 1450 proverbium,

241 1451 439 1523 AEgrotantr'dur
447 1450 593 1522 fratribus]
619 1451 690 1513 Quor
705 1452 745 1507 id·
781 1456 1004 1509 Ccoeffboraeem.
1032 1453 1117 1509 Iners.
1144 1453 1316 1518 Traditum

204 1530 282 1595 circo,
294 1532 327 1581 ut
338 1529 505 1597 Augustinus
517 1529 563 1582 tib.
574 1530 609 1582 V·
622 1532 659 1583 do
672 1531 744 1584 Civi-
779 1536 875 1583 tamn
887 1537 949 1598 αὑτᾷ
958 1528 1048 1598 caetra
1063 1533 1176 1593 sinebar,
1191 1539 1317 1598 φυλάττω-

205 1611 263 1661 tate
282 1607 336 1660 Dei
355 1622 414 1674 cap.
428 1611 453 1659 2.
464 1610 490 1659 6.
512 1607 611 1671 scribit,
630 1610 744 1679 geminos
778 1614 968 1677 barbarism,
983 1606 1115 1667 oraculm
1129 1608 1250 1678 Baptitae
1269 1612 1317 1663 do-

186 1726 192 1733 ·
204 1702 258 1741 erra
268 1684 410 1756 conjecerat
420 1683 599 1753 Happocranr,
608 1704 664 1743 enm
674 1687 704 1741 id
712 1706 743 1740 cc
778 1697 833 1742 tum
834 1687 930 1758 sciere,
940 1696 970 1740 nt
976 1687 1118 1740 Tbornecm
1129 1698 1234 1739 canera.
1251 1688 1317 1741 Non

203 1763 380 1818 moenium
390 1760 557 1831 etnffictione
563 1763 618 1816 coeli
618 1762 743 1833 fataliter
777 1766 859 1831 igitur
876 1765 910 1818 de
922 1765 1057 1835 procem
1073 1773 1134 1816 neto
1150 1765 1256 1816 locutus
1274 1770 1317 1818 est

203 1841 303 1895 euenire
314 1840 469 1893 Posidonius
484 1849 573 1909 posteo
592 1840 743 1912 imerpretc·
778 1844 948 1896 doctissimus
957 1843 1134 1910 geographus,
1143 1842 1251 1895 utmaic
1262 1848 1317 1895 sta·

201 1918 295 1973 tuerit.
324 1918 359 1971 ln
369 1916 450 1982 libris,
459 1922 492 1970 ut
505 1934 572 1985 reor,
584 1919 741 1976 deNatura.
776 1922 831 1976 tuit
852 1922 918 1975 Adr.
934 1922 1085 1975 Turnebus.
1121 1920 1184 1975 Pari
1206 1937 1315 1989 quoqne

203 1996 291 2051 Ineu.
776 1999 1150 2067 mcdc,neAtdnmuepotem
1160 2015 1315 2064 memorem,

236 2075 274 2131 In
283 2075 367 2145 crine,
384 2075 412 2127 in
426 2073 564 2145 unguitur]
582 2074 686 2130 Medici
704 2093 740 2131 ex
776 2076 917 2144 tapsusest
927 2076 965 2128 vir
977 2093 1099 2129 summus
1111 2076 1175 2129 Des.
1185 2078 1315 2131 Erasmus

202 2153 364 2224 quibusdam
382 2154 462 2206 rebus
482 2159 510 2205 et
527 2154 698 2207 advenientes
712 2159 741 2209 et
776 2154 1145 2223 Adag.p.aor.ed.Hanov.
1172 2154 1276 2209 Drvrs.

202 2232 416 2300 ingravescentes
428 2232 533 2284 morbos
546 2233 694 2300 provident,
712 2237 740 2287 et
809 2231 937 2301 Brenno]
961 2230 995 2283 ln
1012 2242 1104 2286 monte
1117 2231 1248 2294 Thorace,
1265 2235 1314 2303 qui

202 2311 301 2365 multas
321 2308 485 2365 valetudinis.
501 2309 627 2361 secundae
648 2314 675 2361 et
693 2310 740 2363 ad·
775 2308 926 2375 Magnesiae
949 2308 1094 2376 impendet,
1117 2325 1223 2373 saxum,
1239 2312 1313 2363 unde

202 2403 286 2441 versae
305 2386 510 2453 significationes
530 2390 561 2440 et
578 2386 677 2439 indicia
694 2386 740 2440 ha·
775 2389 959 2456 prucipitatos
969 2391 1009 2438 est
1019 2385 1159 2452 Daphitae,
1170 2403 1256 2454 equus
1267 2406 1313 2441 vo·

204 2462 278 2528 bcnt;
291 2480 325 2517 ex
334 2463 463 2531 urinaque
471 2464 737 2531 muitaaugurantur:
775 2466 894 2518 cubator.
917 2464 1055 2533 Dapbidas
1067 2480 1084 2515 a
1095 2463 1203 2515 Valerio
1214 2470 1242 2516 et
1253 2466 1313 2519 Sui-

202 2541 336 2594 interdum
348 2545 420 2593 etex
431 2539 571 2611 unguibus.
590 2541 740 2609 Quaesigna
775 2544 812 2597 da
823 2546 940 2595 vocatur.
958 2542 1085 2595 Tnanss.
1115 2541 1313 2607 Resptanedi·

202 2619 288 2673 Stoici
297 2618 332 2673 ad
343 2620 545 2673 consensionem
557 2625 660 2671 naturae
677 2619 739 2671 seri·
775 2634 865 2673 versae
883 2622 979 2674 miscet
997 2619 1192 2672 eruditissimus
1208 2619 1313 2671 Turne·

202 2714 300 2765 amque
315 2713 454 2751 causarum
471 2702 656 2753 consertarum
672 2696 739 2749 refe-
775 2699 838 2752 bns:
861 2714 924 2751 nam
935 2715 998 2752 cum
1014 2698 1110 2749 Strabo
1127 2697 1173 2747 tib.
1186 2696 1268 2749 XIV.
1276 2696 1313 2746 ἐπ’
1359 2750 1367 2762 ,

201 2777 286 2831 tenda
295 2776 449 2830 censebant.
484 2776 570 2829 IDEM.
741 2800 745 2807 ·
774 2778 812 2843 ipre
825 2779 946 2843 samotra
962 2779 1042 2841 Θώρακι
1056 2775 1198 2838 σταυρωθῆναι
1213 2776 1314 2840 decim

234 2856 343 2913 Naturcr
353 2852 482 2927 contagio]
500 2859 640 2924 Συμπάθεω,
649 2854 677 2906 id
688 2858 737 2918 est,
774 2855 808 2904 rb
816 2855 968 2918 γραμματικὸν
975 2850 1126 2904 tradiderit:
1139 2850 1245 2917 Noster,
1256 2850 1313 2902 Va-

196 2935 338 2988 consensio
360 2934 598 3003 convenientiaque
624 2938 737 2998 naturae,
773 2929 855 2983 lerius
867 2930 1006 2983 Maximus
1016 2929 1062 2981 lib.
1074 2927 1097 2980 1.
1111 2944 1170 2996 cap.
1185 2932 1211 2981 8.
1227 2932 1252 2993 8.
1264 2945 1312 2981 ex·

199 3029 260 3082 qnae
271 3018 399 3081 tanquam
409 3016 535 3065 contactu
543 3012 629 3065 afficit
639 3013 738 3083 ‚Negat
774 3013 842 3061 tero.
853 3007 1005 3075 Hesychius
1020 3006 1145 3059 Milesius
1163 3011 1191 3057 et
1204 3007 1312 3073 Suidas,

200 3095 291 3143 autem
308 3107 343 3143 ex
359 3091 518 3157 contagione
533 3094 644 3156 nature,
656 3106 737 3160 quam
774 3087 876 3140 eumde
887 3103 958 3149 roco,
968 3085 1311 3155 ndrmnrenerothuiproe-
1332 3098 1338 3107 ·

199 3165 553 3235 conceditsatumproburi.
587 3169 673 3223 luen.
772 3163 1044 3233 cipitatamscribuut
1078 3162 1140 3215 Non
1155 3162 1237 3230 igitur
1252 3180 1313 3215 nar-

238 3244 274 3297 Ut
282 3244 362 3297 inille
370 3243 511 3318 ncrffrogo]
524 3246 682 3300 Posidonius
691 3246 737 3299 bc‹
774 3240 1311 3311 rationes,quaesibirepugnant,inuuum

199 3323 267 3377 mini
285 3323 402 3385 cuidam,
420 3322 497 3394 cujus
515 3340 612 3378 nomen
626 3342 660 3377 ne
679 3327 736 3394 ipse
774 3320 848 3373 suere
860 3320 1072 3373 contundendae:
1095 3334 1158 3371 narn
1173 3318 1201 3371 in
1219 3326 1311 3373 monta

199 3402 312 3473 quidem
330 3406 462 3469 posuerat,
480 3404 637 3470 predictum
655 3403 746 3457 fuisse,
772 3398 894 3451 Thorace
905 3413 1000 3451 aarum
1016 3396 1088 3464 qnod
1101 3411 1189 3465 equus
1199 3398 1313 3449 vocaba-

200 3481 350 3548 scripserat,
367 3479 396 3531 iu
408 3495 478 3548 aqua
488 3496 546 3533 esse
556 3482 733 3549 pereundum:
773 3481 826 3539 tur,
836 3476 916 3529 fuisse
925 3476 1000 3528 unito
1011 3474 1091 3527 modo
1102 3479 1214 3527 constat.
1232 3475 1309 3530 Dav·

198 3559 222 3612 is
234 3564 326 3613 autem
337 3558 506 3627 nauiragium
517 3558 589 3622 facit,
602 3562 630 3612 et
640 3560 668 3613 in
679 3559 736 3611 rivo
808 3550 997 3625 Quodn'gulcs]
1015 3550 1144 3622 Apeitr'rn'r
1152 3551 1262 3617 mondo,
1279 3558 1319 3606 ut·

199 3642 295 3707 postea
308 3637 400 3705 lapsus
417 3640 472 3689 est:
491 3638 547 3700 aut,
559 3652 621 3689 cum
634 3636 659 3688 ci
670 3652 736 3688 nan·
773 3633 899 3686 Valerius
910 3632 948 3685 nit
959 3632 1005 3684 lib.
1019 3630 1042 3684 1.
1053 3646 1112 3700 cap.
1123 3635 1148 3685 8.
1160 3635 1185 3685 9.
1208 3630 1311 3702 Pln'b'p-

197 3716 312 3785 Mum
331 3716 469 3785 letumque
485 3730 520 3767 cx
539 3729 609 3783 aqna
625 3714 736 3782 praedio·
769 3710 1055 3783 pnrrecMocedooam
1065 3707 1245 3779 morritcusnr't
1257 3720 1312 3764 ute

199 3798 258 3849 tum
270 3798 349 3859 esset,
360 3794 388 3845 in
399 3794 455 3847 rivo
467 3794 556 3861 lapsus
567 3796 617 3845 est.
651 3792 736 3846 quat.
773 3790 906 3861 quadrigae
913 3785 1141 3841 mobmicratntem
1150 3804 1222 3841 mm
1232 3798 1313 3839 nnec·

132 3871 135 3878 '
233 3868 333 3943 Icadio]
351 3872 476 3926 Icadium
493 3870 655 3925 recusimum
664 3870 737 3940 pira-
773 3869 848 3921 diret.
885 3864 978 3935 Itaque
994 3874 1046 3918 toto
1060 3882 1141 3936 regno
1155 3882 1245 3917 erum
1258 3866 1313 3919 dis-

197 3949 342 4003 tcminisse
353 3947 478 4017 (piratam
494 3950 565 4001 enim
575 3948 620 4001 hic
632 3948 736 4018 praedo-
765 3945 849 4017 jrcrgr'
858 3945 984 4017 jusserat,
1002 3962 1104 4014 eumque
1121 3943 1211 4010 lomna,
1229 3944 1274 4014 qui
1283 3946 1313 3997 ris

198 4042 260 4080 nem
272 4027 368 4081 Cicero
375 4026 465 4093 vocat)
473 4027 565 4080 scribit
572 4028 648 4081 Sext.
657 4027 735 4079 Pom·
774 4024 877 4079 Boeotio
889 4023 1026 4093 Quadriga
1033 4023 1313 4091 dictrmoempervna-

197 4107 281 4174 peius.
309 4110 406 4166 abaco,
417 4106 469 4158 nisi
482 4106 567 4172 saltos,
582 4105 678 4159 Suidas
691 4118 735 4155 vo-
772 4102 821 4155 oit:
837 4120 883 4155 nee
896 4111 980 4155 tornea
987 4100 1163 4155 macenorum
1168 4098 1312 4169 perieulum

200 4186 253 4238 cat.
289 4183 323 4237 In
334 4182 393 4249 ejus
402 4199 480 4237 crura
491 4201 526 4237 ex
539 4185 666 4253 spelunca
675 4197 735 4235 sax·
771 4180 967 4250 enitarcpctnr't.
982 4246 987 4253 η
1003 4179 1073 4233 Nom
1084 4175 1313 4229 Pareooiarinco·

198 4275 247 4313 nm
259 4261 363 4323 incidit,
372 4276 433 4313 cnm
446 4265 537 4315 umen
547 4262 627 4322 vitam
635 4259 735 4313 mariti·
771 4258 832 4329 pulo
846 4256 938 4328 gladii,
954 4276 1003 4328 qno
1019 4274 1077 4309 enm
1093 4253 1192 4316 accub,
1208 4253 1312 4322 gundri-

200 4341 390 4393 mamccieret.
425 4338 512 4392 luen.
771 4354 834 4407 gam
842 4336 1061 4391 dobntcaelatam.
1079 4332 1312 4403 Hicautemqua-

234 4414 361 4487 Doptito]
382 4417 446 4482 Qui,
465 4422 496 4471 ut
506 4416 631 4471 Valerius
645 4415 737 4469 scribit
774 4416 857 4483 drigae
868 4432 923 4469 non
937 4417 1022 4467 sotum
1034 4415 1242 4480 qnatuorequcs
1253 4414 1311 4467 sina

199 4492 247 4546 lib.
258 4492 282 4545 l.
294 4510 353 4564 cap.
366 4499 391 4551 8.
404 4501 429 4550 8.
443 4501 548 4549 extero.
564 4512 621 4549 cnm
637 4493 737 4565 profer·
774 4510 851 4548 curro
870 4494 981 4562 junctos
992 4491 1152 4558 significant,
1169 4490 1310 4547 sedetiam

196 4569 387 4643 nbncroptirta
405 4583 476 4643 erret,
496 4572 605 4647 Debebis
620 4575 655 4629 cd
670 4570 737 4629 lodi·
773 4588 889 4639 currum,
913 4576 944 4625 ut
966 4569 1091 4625 Valerius
1112 4569 1311 4639 interpretetur.
