3234 5217
237 337 311 437 53'4
382 394 384 402 ι
626 354 977 429 esseronsnuru
1069 382 1073 393 -

235 498 295 573 luit
306 502 450 557 virtutibus
466 495 570 575 Quinti,
583 501 707 572 justitias,
724 503 778 557 ele·
816 500 908 571 tigulia
926 499 1054 555 iulorreut
1068 502 1097 555 in
1115 504 1239 561 serarium
1257 502 1358 561 Rhodi-

235 584 355 647 mentia,
366 582 437 647 fidei,
447 582 495 635 &a
815 594 902 633 orum.
1142 589 1145 594 ’
1364 614 1369 629 .

272 661 395 725 Tentis]
420 660 449 713 Is
465 665 557 715 tuetur
574 661 689 715 honoros
707 676 778 727 snos,
850 658 916 725 Cap.
931 662 971 711 12.
990 655 1026 711 Ia
1040 658 1213 731 perduellem]
1234 663 1369 717 Pacisce-v

239 742 286 811 qni
297 742 379 809 digna
390 740 455 792 iacit
466 739 522 793 suis
533 739 687 793 honoribus.
816 734 913 789 bantur
923 736 1060 803 publicani
1071 754 1134 791 cum
1146 741 1357 808 provincialibus

251 865 257 873 .
274 819 341 889 Cap.
358 821 397 870 ll.
422 814 572 883 Publircm]
597 817 704 881 Quibus
720 832 778 869 mo·
815 814 849 867 de
861 815 950 881 modu,
963 815 996 867 de
1007 832 1044 880 re,
1057 807 1091 869 de
1102 822 1231 888 tempore,
1243 823 1293 875 dec.

226 911 295 953 ‘reru
317 912 407 966 gerere
429 896 533 949 difficile
555 900 622 960 crat,
642 895 777 965 simulque
849 892 1104 969 Legemceruorr‘am]
1123 896 1308 967 vectigalium
1317 902 1367 953 lom

238 974 523 1042 sociorumjuratueri
530 974 777 1045 eorumquevolun-
814 973 960 1025 candorum
973 989 1038 1026 cura
1057 990 1140 1043 penes
1153 994 1278 1031 censores
1291 984 1356 1045 erat,
1410 994 1413 1001 “

238 1060 309 1110 tates
320 1054 371 1105 sibi
381 1054 533 1108 conciliare.
815 1050 861 1117 qui
869 1055 956 1103 certas
967 1052 1135 1107 conditiones
1145 1056 1355 1111 conductoribus
1410 1087 1413 1096 ·

273 1133 377 1203 Optime
386 1132 515 1198 meritum]
545 1130 684 1184 Publiceni
702 1146 777 1198 mag·
814 1126 950 1191 dicebant,
960 1144 993 1179 ne
1003 1129 1086 1183 nimia
1098 1132 1243 1187 acerbitate
1253 1140 1281 1189 et
1293 1150 1356 1189 uva·
1433 1170 1439 1191 ι

238 1228 302 1285 nam
319 1227 427 1281 operam
440 1211 563 1264 Ciceroni
574 1215 738 1263 novaverant
748 1208 777 1261 in
814 1205 874 1261 titia
884 1206 972 1259 socios
984 1208 1135 1275 perderent.

184 1318 188 1330 ·
239 1290 423 1359 extinguenda
434 1289 558 1341 Catilinae
575 1287 777 1354 conjuratione3
849 1282 1067 1352 Cornmoditatem]
1087 1288 1183 1343 Utres
1198 1293 1302 1346 exitum
1314 1294 1356 1347 in·

239 1370 484 1439 eiquemutuornm
493 1363 778 1424 beneficiorumcausa
813 1362 912 1428 veniat,
924 1361 1049 1431 quaedam
1059 1367 1161 1422 remitti
1178 1370 1208 1421 in
1227 1371 1357 1441 pactioni·
1409 1388 1413 1395 ·

240 1447 451 1515 conjunctissimi
460 1451 543 1499 erant.
814 1439 865 1492 bus
878 1440 988 1493 debent.

273 1518 509 1597 Te]'Facciolatus
520 1522 607 1576 edidit
617 1540 653 1584 ee,
668 1526 778 1592 propter
849 1516 908 1571 Hor
917 1516 1002 1591 peras]
1022 1519 1059 1573 Ut
1071 1523 1121 1575 libi
1132 1524 1161 1576 in
1173 1541 1200 1577 re
1212 1526 1264 1579 hac
1275 1527 1357 1593 grati-

150 1621 153 1627 ,
239 1621 333 1673 vocem
344 1622 410 1669 mos,
419 1619 481 1671 quae
492 1602 651 1673 praecedit*
814 1596 936 1663 ficentur,
958 1598 985 1651 id
1005 1602 1046 1651 est
1065 1604 1097 1651 ut
1116 1604 1272 1669 pactionum
1291 1606 1358 1659 dilii-

238 1746 241 1749 Δ
273 1678 425 1753 Portoriie]
455 1681 491 1745 Q.
515 1680 647 1736 Metellus
676 1679 777 1749 Nepos,
815 1674 1105 1747 cultatesresnorcant,
1118 1684 1357 1750 etnegotiumex-

129 1794 134 1798 -
238 1778 303 1815 cum
324 1766 422 1829 proetor
441 1761 521 1823 esset,
544 1757 660 1825 ponoria
680 1758 777 1821 Italiae,
814 1754 932 1821 pediant.

237 1842 297 1907 lege
308 1840 371 1899 lata,
382 1831 544 1889 sustulerat:
562 1835 663 1904 quade
674 1852 703 1887 re
717 1835 777 1888 vide
848 1830 997 1897 Societates]
1019 1818 1234 1891 publicanorum.

238 1918 365 1971 Dionem.
387 1916 430 1967 De
448 1914 489 1966 his
500 1915 565 1983 ipsis
583 1914 704 1981 portoriis
715 1914 778 1966 sub-
849 1910 914 1979 Cap.
930 1916 970 1965 13.
991 1912 1027 1965 Ut
1038 1924 1061 1967 te
1077 1912 1146 1987 arete]
1173 1916 1309 1972 Particula
1326 1926 1356 1971 ut

237 1998 300 2049 latis
317 1994 409 2048 scribit
429 1993 525 2063 Cicero
541 1993 587 2046 lib.
605 1992 644 2045 11.
660 1992 695 2043 ad
716 1991 775 2045 Art.
813 1987 963 2052 redurrrlat3
982 1991 1056 2059 quod
1068 1994 1202 2061 eleganter
1213 1995 1355 2063 fierisolet‚

239 2092 282 2145 ep,
296 2079 337 2127 16.
814 2068 919 2136 quoties
932 2070 1016 2121 multa
1027 2070 1241 2137 interponuntur.
1373 2126 1380 2141 ⁸

274 2151 347 2205 Male
365 2150 511 2219 redemptis]
543 2147 615 2223 Quia
639 2147 777 2217 publicani
850 2144 1035 2207 Leutitndim's]
1051 2146 1124 2201 Vide
1136 2150 1219 2203 Tusa.
1231 2150 1283 2203 IV.
1295 2156 1355 2205 19.ι

237 2230 317 2288 nimis
327 2244 426 2295 magno
439 2227 525 2295 pretio
540 2225 650 2295 publica
659 2225 777 2293 vectiga-
828 2264 830 2271 ,
849 2222 916 2290 Cap.
932 2228 971 2277 lt.
993 2224 1132 2279 Theatrum
1151 2227 1201 2279 tuis
1219 2229 1355 2285 anundus

236 2310 274 2363 lia
295 2309 474 2365 redemerant.
503 2306 591 2357 socius
618 2304 776 2370 enecabant,
814 2301 960 2367 ertdutcm]
985 2302 1090 2371 Magoa
1101 2307 1142 2357 est
1154 2306 1206 2358 loci
1220 2306 1298 2373 hujus
1310 2326 1356 2363 va·

238 2386 362 2441 acerbius
374 2385 517 2452 exigendo.
813 2379 894 2431 rictas
904 2385 933 2431 et
943 2382 1126 2448 perturbatio;
1145 2386 1218 2454 quod
1234 2387 1357 2441 librarius

274 2458 479 2533 Suirr'restitutie]
497 2458 613 2524 Graecia,
622 2476 684 2513 cum
694 2460 778 2513 libera
813 2458 923 2527 quidam
933 2474 982 2527 pro
991 2460 1042 2512 treis
1049 2463 1168 2530 posuerit
1176 2462 1269 2526 totius‚·
1287 2466 1356 2519 alius

238 2550 317 2609 esset,
333 2543 387 2595 suis
402 2540 509 2612 populis
521 2540 664 2609 vectigalia
679 2539 777 2593 descri-
814 2537 947 2589 addiderit
967 2538 1039 2592 Aere
1048 2559 1058 2600 ,·
1084 2541 1152 2593 alius
1165 2544 1253 2595 'aliter
1274 2544 1356 2597 verba

238 2624 329 2677 bebai.
813 2614 959 2687 inverterit.
990 2617 1051 2684 Ego
1072 2625 1181 2673 secutus
1202 2638 1271 2685 sum,
1293 2639 1354 2690 quae

270 2693 488 2771 Sirtepublieurto]
506 2697 661 2774 Ipseeenim
682 2712 776 2764 perse
814 2693 936 2761 probavit
964 2695 1107 2749 Manutius
1136 2698 1177 2766 (et
1205 2700 1356 2752 Lambinus
1421 2722 1427 2735 ·
1535 2705 1537 2713 ’

166 2848 172 2856 .
236 2783 359 2836 civitates
376 2795 430 2832 nou
448 2778 526 2831 facile
541 2778 576 2829 ad
594 2776 776 2841 colligendum
815 2771 920 2842 edidit.)
1273 2796 1276 2824 r

236 2860 353 2927 vectigal
377 2858 558 2917 adducuntur,
583 2854 636 2906 nisi
658 2854 702 2917 sit,
730 2851 777 2920 qni
849 2850 916 2917 Cap.
939 2854 978 2903 15.
1005 2850 1201 2918 Monumentu]
1229 2855 1356 2914 Refertur

236 2940 401 3009 praecipuam
408 2933 489 2999 hujus
499 2933 618 2984 muneris
627 2946 720 2982 curam
730 2945 778 2997 ge·
815 2926 865 2979 hoc
878 2929 911 2980 ad
928 2928 1050 3000 honores,
1068 2947 1181 3000 quorum
1194 2935 1317 2986 meminit
1327 2939 1357 2989 in

235 3021 325 3081 rotet
336 3029 385 3065 suo
405 3011 524 3083 periculo
543 3025 559 3061 a
577 3007 657 3060 sociis
673 3007 775 3075 exigat.
814 3021 873 3075 cap.
889 3011 929 3061 10.
946 3007 1090 3062 Manutius
1108 3015 1194 3079 putat,
1214 3014 1303 3068 referri
1319 3016 1355 3067 ad

165 3114 167 3118 ·
237 3093 317 3158 Quod
330 3091 394 3144 iacit
404 3088 572 3157 publicanus.
607 3085 686 3138 Mis.
814 3088 925 3137 annales
936 3101 953 3136 a
965 3085 1068 3149 Quinto
1080 3089 1200 3157 scriptos.

271 3163 431 3241 AEqualirer]
450 3166 512 3231 Quo
523 3164 626 3218 facilins
638 3164 694 3216 sine
709 3163 776 3230 pub·
848 3162 953 3216 Tertirrs
967 3162 1050 3237 octus]
1079 3166 1153 3219 Hinc
1173 3174 1292 3236 apparet,
1309 3175 1357 3227 ali-

236 3252 324 3305 licauo
335 3246 409 3314 exigi
418 3243 561 3297 videbatur
571 3258 658 3311 posse.
686 3242 774 3295 lusu.
814 3242 1018 3308 quaudotribus
1037 3244 1142 3297 actibus
1158 3246 1262 3300 fabulas
1274 3249 1356 3305 fuisse

271 3326 376 3389 Caunii]
391 3322 488 3393 Populi
497 3322 592 3374 Cariae.
610 3322 722 3375 Caunus
729 3338 776 3372 au·
814 3321 970 3383 conclusas;
984 3323 1107 3389 quamvis
1117 3323 1215 3377 scribat
1225 3324 1355 3381 Horatius

234 3412 290 3461 tem
302 3401 506 3473 portuseratad
516 3400 652 3453 Rhodium
663 3400 776 3453 marein
813 3397 840 3451 iu
861 3416 903 3467 ep.
924 3400 957 3451 ad
977 3400 1090 3455 Pisones
1111 3418 1178 3456 vers.
1200 3409 1257 3461 149.
1286 3406 1355 3459 Nece

237 3486 331 3553 Lici&
344 3483 467 3537 ⁰⁰¹¹fi1150·
811 3476 896 3529 minor·
903 3478 1000 3547 quinto,
1008 3479 1055 3533 &c
1067 3482 1204 3534 Caeterum
1214 3482 1293 3549 hujus
1303 3484 1357 3537 loci

269 3562 380 3631 Rhodiis
390 3555 531 3630 attribute]
557 3558 632 3625 Sylla
650 3556 776 3609 decreve-
813 3558 977 3623 comparatio
994 3572 1048 3609 non
1066 3550 1139 3612 cadit
1157 3561 1185 3612 iu
1203 3575 1355 3628 numerum,

234 3648 284 3709 rat,
296 3648 327 3695 ut
339 3640 444 3707 Caunii,
454 3644 483 3692 et
494 3639 590 3691 vicinae
605 3636 701 3689 insulae
714 3651 776 3687 vec·
813 3634 860 3686 sed
873 3635 901 3687 in
914 3636 995 3689 finem
1007 3642 1036 3689 et
1048 3640 1256 3693 conclusionem,

233 3834 252 3883 2
586 3819 744 3875 MARCUS
764 3816 797 3880 Q.
816 3816 963 3872 FRATRI
981 3820 1008 3871 S.

268 3962 344 4015 Arre.
361 3956 406 4011 De
420 3955 497 4010 Statii
510 3954 598 4007 liberti
609 3954 689 4007 nimis
701 3952 773 4021 apud
812 3949 900 4005 datio:
920 3951 1137 4021 objurgationum
1151 3968 1260 4005 suarum
1271 3968 1355 4005 excu-

236 4036 496 4106 Quintumgrariosi
510 4035 637 4098 adventu,
649 4031 774 4085 ethomi·
812 4030 888 4094 satio,
907 4046 938 4081 ac
958 4030 1067 4083 taudem
1087 4030 1121 4081 de
1138 4030 1221 4082 rebus
1239 4030 1354 4099 publicis

232 4138 299 4175 num
316 4120 350 4170 do
369 4132 402 4169 eo
417 4114 585 4168 sermonibus
600 4116 628 4164 et
639 4109 772 4181 querelis:
811 4108 1040 4161 commemoratio.
1061 4107 1114 4161 Aa.
1127 4106 1162 4159 U.
1174 4109 1205 4160 C.
1215 4108 1279 4163 694.
1304 4150 1306 4157 .
1440 4110 1443 4116 “

233 4190 773 4269 deGraecis,quoscumnrendaverataut
845 4184 912 4252 Cap.
931 4191 952 4238 l.
971 4184 1124 4255 Direptum]
1144 4185 1225 4250 Quod
1240 4187 1354 4239 rerndo·

233 4278 331 4347 quibus
342 4273 483 4326 videbatur
494 4271 642 4336 indulgere,
659 4282 773 4318 excusa-
809 4262 948 4315 mesticam
960 4264 1037 4315 Statii
1049 4264 1136 4316 liberti
1146 4263 1235 4315 studio
1245 4280 1276 4317 ac
1287 4265 1353 4317 ride-

232 4360 286 4411 tio:
304 4356 338 4407 de
350 4352 444 4405 litteris
464 4351 560 4414 Quinti
572 4342 678 4415 iniquis,
691 4344 771 4409 duris,
808 4339 884 4391 litate
901 4340 1050 4394 conservari
1072 4341 1192 4408 Quintus
1212 4342 1353 4395 arbitrare-

170 4441 174 4449 '
230 4432 377 4494 contrariis,
394 4429 428 4481 de
439 4430 532 4497 eisque
544 4424 669 4479 tollendis
683 4424 771 4476 consi·
808 4420 862 4487 tur.
899 4418 979 4472 Mau.

230 4517 314 4570 lium:
345 4511 378 4562 L.
399 4508 494 4571 Flauii,
518 4503 719 4559 cui·hereditas
741 4504 768 4556 in
842 4495 1354 4573 ’aas'·alrt]Sedeemperlronsireecheu-

229 4585 431 4668 Asia'reuerat?
449 4586 616 4654 aliorumque
632 4599 770 4637 common·
806 4584 867 4637 dum
875 4594 1006 4669 wrm,
1017 4578 1066 4634 &c
1082 4578 1300 4635 Homeriversus
1312 4587 1354 4649 cst
1395 4598 1400 4607 ·
