3234 5217
203 508 292 566 aritae
301 506 507 574 &mantum
523 525 576 564 astra
585 510 774 578 visitarentur,
784 507 814 562 id
821 507 897 564 urb
905 505 983 578 Fato,
992 525 1048 581 qna
1058 507 1094 563 ad
1106 525 1189 566 maret
1200 512 1314 582 pertine·

204 581 263 636 bat:
279 581 360 636 attera
371 583 416 650 arri
428 587 523 640 basam
534 579 563 633 id
570 588 606 632 eat
615 578 645 631 de
656 596 684 630 eo
694 579 830 650 quadfleri
856 588 927 642 otest,
937 591 982 636 ant
991 599 1041 634 nau
1051 589 1140 650 potest,
1151 599 1207 652 quur
1216 582 1251 636 ad
1260 581 1329 635 dia-⁸

204 651 317 705 tonicam
332 651 466 722 spectabat.
505 649 619 720 Utraque
629 649 731 718 questio
743 667 824 705 eumn
851 649 1129 722 seribendumimpnlit.
1167 653 1217 704 Est
1231 663 1316 706 autem

200 721 254 777 bae
271 721 424 776 continuatio
443 720 496 773 sine
511 720 768 802 parastatarum
787 719 850 773 liber
868 720 966 774 larem
983 731 1008 774 et
1024 721 1128 774 mutilas
1141 731 1165 774 et
1183 721 1316 775 laeuone

198 793 353 864 pessimant.
380 791 467 862 Neque
478 808 543 844 mam
555 791 617 843 milri
627 790 777 860 matruelem
786 790 886 860 possim
904 793 968 859 quia
981 791 1153 862 parandium
1170 790 1230 844 libri
1247 793 1318 862 apud

202 861 350 916 Monens
366 879 426 916 aare.
462 860 635 931 Suspicionem
654 869 739 928 anget,
751 862 819 928 qaod
834 862 862 913 iu
876 861 947 913 libris
961 861 1112 930 scripsistis
1128 862 1227 931 reperi:
1244 862 1317 926 Quia

203 935 321 1002 pertinet
332 933 473 1002 admotas,
484 947 553 999 quos
562 933 614 986 tue
623 930 662 982 illi
671 934 782 982 vocant:
800 938 831 983 at
847 930 945 1001 aliqbid
954 932 1113 984 amaracum
1127 931 1261 984 aninsula
1274 932 1317 1002 rit.

205 1003 276 1058 Nam
291 1004 326 1057 ad
342 1001 520 1056 atsdutiouem
534 999 662 1056 amenum
679 997 779 1069 aliquid
795 1000 879 1053 deest:
902 1000 971 1052 serbi
983 1002 1086 1071 gratia:
1104 1002 1147 1054 De
1166 1003 1221 1054 lato
1238 1003 1318 1057 nobis

202 1074 376 1132 scribendum
390 1077 440 1134 est,
452 1073 515 1140 quia
532 1069 647 1138 pertinet
668 1069 702 1120 ad
723 1085 819 1122 utores.
854 1071 973 1124 Pertinet
992 1081 1073 1124 uatem
1091 1071 1144 1124 leae
1161 1073 1265 1142 quartis
1282 1073 1319 1125 ad

202 1139 773 1282 attestationiubus
781 1149 916 1267 itemst
923 1139 1319 1282 ratusratus
1345 1199 1348 1205 ·

202 1256 896 1354 riaru'officiumsupereritnrdlaproeceptioproderit.
931 1281 1090 1335 Turselius.
1137 1250 1145 1276 '
1306 1321 1311 1328 .

239 1448 307 1521 Gap.
317 1451 340 1500 l.
352 1443 493 1512 Moralem]
510 1443 746 1508 Nomenistud,ut
781 1445 930 1514 pretatione
939 1447 1076 1505 uastatur.
1110 1432 1216 1498 idcirco
1227 1451 1318 1500 antem

205 1541 305 1580 novum
321 1528 350 1576 ct
363 1522 489 1586 insoleus,
501 1521 668 1576 reformidat:
686 1525 745 1572 tum
781 1523 860 1576 istam
879 1526 926 1589 erpi
942 1527 1031 1576 tuerer
1044 1524 1254 1578 conuoeersiam
1272 1526 1319 1577 ad-

203 1604 279 1657 euim
290 1602 407 1672 primum
417 1599 575 1652 navabatur.
610 1599 702 1650 Tuus.
781 1600 865 1665 hibet,
887 1600 951 1667 quia
971 1599 1004 1650 ad
1026 1599 1074 1652 lati
1091 1601 1318 1658 confirmationem

243 1679 411 1750 Visratioqae
419 1677 629 1742 autumationum]
642 1675 745 1739 Quade
782 1683 919 1746 sumptum
942 1679 1090 1730 Stoicorum
1115 1682 1181 1741 erat,
1210 1695 1319 1731 ornnem

205 1775 235 1812 ra
246 1758 422 1828 parurn'inter
440 1754 618 1824 Chrysippum
635 1759 663 1806 et
681 1753 746 1804 Dio·
781 1757 994 1810 enuntiationem
1003 1771 1089 1808 reram
1099 1755 1140 1808 rel
1147 1757 1319 1808 salsamesse:

204 1837 299 1890 dorum
315 1834 502 1898 conveniebat,
519 1833 745 1904 quemadmodum
782 1834 895 1903 quadiu
907 1833 997 1885 tuturo
1009 1849 1062 1885 non
1079 1833 1118 1884 ita
1129 1835 1269 1886 enucleate
1280 1834 1321 1889 di·

202 1915 299 1968 Cicero
309 1913 401 1966 scribit
411 1913 440 1964 in
452 1912 574 1980 Epistola
585 1912 701 1981 quadam
711 1907 746 1960 ad
782 1913 924 1981 lucideque
935 1912 1061 1964 cernitur.
1096 1910 1182 1964 loen.

111 2023 116 2030 ·
203 1991 416 2046 Varroncmdib.
430 1990 485 2043 IX.
499 1992 576 2044 Fam.
590 1989 675 2058 Epist.
692 1986 744 2039 IV.
818 1990 895 2052 Quod
903 1991 997 2054 aretem]
1016 1988 1170 2056 Disputatio
1182 1988 1234 2041 ista
1248 1988 1320 2042 Aca·

166 2063 171 2084 ¹
203 2073 251 2138 nugi
263 2068 650 2132 Mardrmtcitotarbnrtdagar
663 2065 744 2130 spiren:
781 2069 940 2122 demissent
952 2071 1046 2120 sonim
1061 2066 1235 2134 propositum,
1247 2066 1321 2118 insti.

201 2155 360 2220 quaprapter
371 2145 394 2198 si
405 2154 525 2198 nanturra
534 2163 568 2210 ee,
579 2145 641 2197 scita
650 2159 747 2194 neccsse
782 2151 842 2200 tuto
857 2147 990 2211 Arcesilae,
1002 2146 1071 2198 utin
1086 2145 1248 2198 Tusculanis
1266 2146 1321 2198 dis

204 2241 258 2278 aare
276 2233 300 2276 te
317 2223 418 2276 venire:
434 2223 476 2276 siu
493 2233 689 2292 carmeianen,
707 2234 748 2278 τῶν
782 2226 972 2295 putationibus.
998 2223 1154 2277 Academici
1166 2229 1255 2279 autem
1265 2241 1327 2281 cer·-

203 2309 357 2356 rttutwrert
369 2301 495 2354 tevenire.
526 2300 747 2368 monastratura
782 2307 873 2372 tamen
890 2318 952 2354 cum
971 2302 1067 2354 Stoicis
1085 2301 1250 2369 potissimum
1262 2319 1321 2356 sus·

203 2391 230 2435 te
249 2383 315 2450 astru
331 2379 416 2452 magis
434 2378 544 2433 delectet.
575 2395 747 2450 xpeerurraene,
783 2385 917 2450 ceperant,
945 2396 1058 2448 quorum
1086 2379 1132 2431 illa
1160 2383 1320 2447 tempestate

205 2459 383 2532 adaequem
394 2457 748 2515 nosterDiadornsaoaeou·
783 2457 948 2526 philosophia
968 2457 1173 2532 percrebruerat
1208 2457 1271 2510 Hoc
1291 2459 1322 2512 li·

204 2537 334 2608 coqaebat.
352 2537 442 2608 Sedde
453 2535 749 2605 sacramencum
783 2537 831 2589 bro
842 2537 937 2589 Cicero
948 2541 1041 2590 contra
1053 2551 1099 2587 eos
1111 2534 1224 2598 disserit,
1240 2542 1267 2588 ct
1277 2539 1322 2590 lir-

118 2643 122 2658 ·
205 2632 265 2668 eum
284 2617 388 2678 mutus,
417 2613 556 2682 loquemur.
590 2615 649 2668 Hae
672 2617 748 2671 enam
783 2614 1321 2684 rnamenta,quibusintumesscprobant,

206 2701 267 2746 aare
278 2696 399 2761 xptrrrrra
410 2695 492 2743 tueris
510 2700 555 2744 eet.
591 2693 681 2746 Locus
701 2711 749 2748 an·
784 2695 888 2747 evertit.
908 2691 1206 2758 Necveroejusineam
1219 2697 1322 2759 partem

205 2773 261 2824 tem
272 2772 462 2839 intelligendus
473 2773 515 2822 cst
527 2769 560 2822 de
575 2770 608 2822 iis
625 2773 748 2826 enuntia·
783 2772 941 2840 accipienda
960 2769 1156 2838 argumentatio
1177 2775 1227 2831 est,
1245 2771 1322 2836 quasi

204 2849 333 2915 tionibus,
344 2865 407 2920 quac
420 2849 454 2901 de
471 2849 560 2900 futuro
577 2849 687 2918 aliquid,
701 2867 748 2904 cu·
783 2852 868 2904 fatum
881 2868 935 2904 non
953 2867 1012 2903 esse
1031 2849 1150 2910 affirmet,
1167 2849 1251 2915 (quod
1263 2849 1323 2916 qni-

199 2929 249 2998 jus
260 2931 428 2982 necessarius
442 2931 554 2980 eventus
568 2943 627 2980 esse
644 2945 699 2980 nou
711 2929 749 2981 vi·
784 2931 846 2986 dem
858 2930 938 2998 longe
955 2929 989 2982 ab
1006 2926 1229 2982 Academicorum
1246 2927 1323 2978 dubi.

204 3009 295 3075 detur,
313 3005 504 3077 pronunciant,
523 3009 554 3059 ut
570 3007 673 3073 sumtu,
696 3024 748 3060 riou
783 3009 885 3062 tatione
909 3005 996 3072 abest)
1018 3016 1109 3063 verum
1138 3021 1173 3056 ex
1195 3004 1236 3067 iis,
1258 3021 1321 3073 quae

202 3086 317 3139 remla:
340 3088 368 3136 et
385 3085 413 3136 iu
428 3083 552 3153 proximo
564 3087 697 3153 exemplo,
717 3087 748 3140 de
784 3087 868 3140 Stoici
879 3086 1000 3146 affenrnt,
1010 3085 1044 3136 ad
1056 3085 1187 3152 liquidum
1197 3099 1251 3136 non
1262 3099 1323 3152 pro·
1344 3132 1346 3135 .
1436 3086 1438 3093 “

204 3161 326 3217 iterabat
336 3156 481 3233 loquemur:
497 3161 747 3232 nt‚·siquislocum
784 3165 849 3218 bari.
884 3163 965 3228 Quod
980 3163 1003 3216 si
1017 3163 1078 3233 quis
1095 3162 1140 3214 isti
1150 3160 1264 3213 sermoni
1281 3160 1323 3212 iu-

206 3235 320 3316 propius
328 3242 479 3309 perspiciat,
496 3239 520 3292 is
537 3242 629 3294 statim
646 3242 713 3296 nihil
732 3259 749 3296 a
784 3242 917 3296 teriuisset
932 3241 1030 3294 Stoicae
1048 3240 1159 3292 rationis
1175 3239 1277 3307 peritus
1294 3243 1323 3292 ct

207 3317 339 3372 Cicerone
350 3319 523 3371 00mmi⁸sum
534 3318 675 3388 intelligat.
703 3322 748 3376 De
784 3322 907 3384 aemulus,
929 3318 1135 3387 disputationem
1156 3317 1323 3380 instituisset,

205 3395 240 3450 iis
250 3399 342 3448 autem
360 3395 542 3464 pronunciatis
554 3397 593 3449 sio
607 3396 749 3466 judicabat
784 3403 816 3450 nt
827 3399 892 3451 lecit
902 3397 931 3449 in
942 3397 1015 3449 libris
1031 3397 1066 3448 de
1084 3396 1187 3447 Natura
1203 3396 1323 3460 deorum,

206 3474 354 3536 Diodorus,
363 3476 394 3526 ut
404 3473 432 3524 id
444 3474 531 3526 solum
541 3475 598 3528 ficri
613 3492 690 3545 posse
708 3477 749 3529 di·
785 3477 866 3529 etde
890 3474 1080 3528 Divinatione:
1098 3475 1125 3526 in
1146 3473 1245 3541 quibus
1265 3489 1325 3541 per-

205 3556 290 3616 ocret,
303 3550 375 3619 quod
392 3553 440 3602 aut
455 3555 637 3618 enervorum,
649 3554 748 3607 autt'u-
785 3560 868 3624 petua
882 3554 910 3606 in
927 3556 1187 3622 utramquepartem
1205 3552 1325 3618 explica·
1351 3582 1355 3592 ·

205 3632 494 3692 commessatorum,
508 3630 689 3700 utquisquid
706 3633 747 3686 lu·
785 3632 932 3684 turoratio.
960 3631 1067 3683 Hirtius
1077 3635 1176 3695 autem,
1186 3629 1326 3697 quiquaes·
1376 3670 1382 3683 .

207 3713 298 3762 turum
316 3713 397 3772 esset,
412 3706 441 3762 id
459 3707 516 3760 lieri
533 3722 643 3762 necesse
660 3715 746 3764 esset:
784 3713 886 3764 tionem
906 3711 941 3763 ad
961 3725 1042 3779 quam
1064 3709 1171 3762 audiret
1192 3713 1325 3777 posuerat,

205 3785 334 3858 quicquid
346 3785 465 3839 loturum
477 3799 531 3837 non
551 3789 630 3851 esset,
645 3786 674 3838 id
692 3788 748 3840 fieri
784 3787 959 3842 institutionis
970 3788 1071 3855 alioqui
1091 3787 1190 3840 Stoice
1208 3803 1263 3840 non
1279 3787 1326 3838 ad·

207 3879 262 3918 nou
282 3869 389 3934 posset:
412 3862 578 3934 Chrysippus
600 3867 690 3917 autem
713 3865 748 3918 ab
785 3867 897 3920 modum
914 3867 1025 3920 tortasse
1045 3867 1163 3934 ignarus,
1182 3868 1231 3918 aut
1252 3871 1325 3925 certe
1394 3922 1397 3931 1

206 3957 240 3996 eo
250 3943 418 4006 dissentiens,
430 3957 492 4011 quse
508 3957 563 3995 non
576 3946 667 3995 essent
677 3941 749 3995 lutu-
786 3960 840 4003 uon
852 3945 976 4011 emulus,
991 3960 1025 3996 ex
1038 3944 1112 3996 fatali
1122 3942 1284 4006 calamitate,
1295 3945 1326 4012 at

205 4037 245 4084 ra,
257 4037 336 4090 posse
347 4025 438 4074 tamen
448 4020 505 4074 lieri
515 4020 632 4074 dicebat.
661 4021 747 4075 loun.
785 4023 889 4091 opinor,
900 4023 1004 4091 reipub.
1019 4023 1148 4076 Romanae
1159 4022 1187 4074 iu
1197 4036 1259 4073 eum
1271 4036 1326 4070 ser-

240 4095 388 4168 utaturus]
424 4097 595 4152 Vocabulum
617 4099 746 4153 Stoicum.
785 4117 895 4155 monem
917 4101 1070 4164 devenerat,
1092 4104 1124 4151 ut
1146 4099 1248 4151 diceret
1268 4097 1325 4149 tato

204 4178 359 4238 stoicorum
377 4177 448 4231 enim
460 4179 602 4231 dialectica
613 4176 748 4234 Ciceronis
785 4179 842 4247 geri
857 4183 885 4232 et
902 4179 1010 4232 evenire
1024 4176 1215 4246 propemodum
1235 4175 1326 4228 omnia

210 4262 290 4312 aetate
301 4257 421 4310 florebat.
456 4255 543 4310 lusu.
785 4258 836 4310 sibi
856 4257 949 4320 rideri,
968 4261 997 4310 et
1016 4257 1051 4308 dc
1069 4256 1124 4309 fato
1144 4253 1209 4324 quid
1230 4253 1325 4305 Cicero

242 4326 505 4408 Totaqaeestaiynt]
529 4336 562 4389 Id
578 4339 628 4402 est,
646 4337 749 4390 totuis·
786 4337 906 4401 sentiret,
935 4335 1028 4388 audire
1056 4350 1084 4386 se
1109 4333 1188 4385 velle.
1223 4330 1325 4388 Conna

210 4412 418 4480 aucupantem
434 4414 590 4482 quaestionis
603 4415 748 4484 explicatio
785 4431 867 4482 quam
894 4412 1055 4468 mamutium
1077 4411 1174 4464 Cicero
1196 4410 1326 4482 repunt.

208 4489 546 4559 dialecticaquaedamest.
566 4493 748 4547 Locusetiam
785 4491 873 4548 lusu.
1178 4495 1184 4518 ⁸

208 4569 262 4640 iste
275 4565 309 4624 ab
326 4569 471 4628 adsumi
487 4569 517 4628 in
535 4570 603 4626 libro
615 4571 748 4628 aelatu-
821 4568 857 4624 ln
867 4567 1023 4634 Puteolano]
1038 4567 1127 4630 lbett
1138 4567 1229 4637 meda,
1243 4587 1322 4640 quen
