3234 5217
219 690 287 744 telea
296 689 325 742 in
334 688 381 743 lib.
390 688 586 750 Etbicdcl.
620 686 707 739 luarr.
799 686 872 741 aliud
898 697 935 741 erl
962 684 1116 749 amabam,
1152 684 1224 741 aliud
1250 696 1341 741 actura
1399 658 1426 667 .„

256 763 693 837 Cemamopnumcarr'mplicis]
711 764 765 831 lgi·
801 767 884 833 Quod
894 766 957 822 huic
967 765 1042 821 casui
1051 779 1105 819 nou
1114 764 1264 817 conveniat.
1289 764 1344 817 Rr-

220 844 412 915 turAntipatri
428 840 705 912 sententiamprobat
720 840 766 895 Gi·
801 858 886 901 cuca.
915 843 1091 897 Cicerohanc
1109 842 1287 911 quaesuonem
1298 842 1345 897 do·

221 941 293 990 cero,
303 926 350 995 qui
360 922 514 978 mercatoria
525 919 765 976 dissimulationem
802 923 870 979 cidit
881 923 1030 977 iocundum
1046 920 1197 975 Stoicorum
1210 918 1347 987 dogmata,

173 998 178 1009 '
222 1007 279 1060 tarn
290 1003 407 1071 graviter
420 1005 539 1074 accurat.
575 998 614 1053 Et
630 997 766 1053 tamenin
802 1000 853 1058 red
869 999 946 1073 illum
964 1001 1076 1069 rigorem
1093 1015 1110 1059 a
1127 998 1263 1054 communi
1279 998 1346 1057 vitm

219 1082 306 1153 pretio
313 1080 447 1153 emptionis
461 1089 485 1133 et
501 1076 652 1133 mudum
662 1088 767 1131 marra·
802 1078 998 1135 cousuetudine
1016 1078 1132 1131 alienum
1151 1092 1209 1133 erae
1223 1091 1280 1131 noa
1290 1093 1347 1131 uuo

223 1159 283 1215 laer
294 1156 579 1214 ammomum
589 1175 616 1209 re
630 1156 767 1212 circunce-
802 1154 864 1211 loco
875 1155 921 1221 ait,
940 1156 1087 1224 praesertim
1106 1170 1168 1207 curn
1186 1155 1267 1223 paulo
1283 1161 1346 1209 autc

224 1239 282 1293 aire
293 1237 458 1308 Pomponius
475 1237 570 1292 atatuit
587 1234 633 1288 lib.
647 1232 732 1291 XVI,
746 1236 767 1305 l,
803 1235 960 1297 ostenderit,
981 1250 1009 1287 re
1026 1234 1117 1293 media
1132 1232 1175 1287 lric
1192 1232 1278 1287 officia
1288 1250 1348 1303 per-

225 1319 276 1371 ult
293 1318 322 1372 ff.
341 1316 375 1370 de
393 1315 549 1370 minoribus.
575 1312 665 1377 Quem
675 1312 767 1368 locam
803 1312 1095 1383 aequinonperfecta.
1130 1312 1226 1365 Gurev.

224 1389 362 1468 elc'gamm
372 1393 484 1463 exponit
492 1388 691 1447 Grotiuall.de
701 1390 768 1445 lure
839 1390 905 1460 Cap.
919 1394 961 1445 14.
979 1386 1178 1459 Argentariae]
1204 1388 1286 1459 Apud
1306 1406 1348 1443 ar-

227 1469 298 1527 Belli
310 1476 339 1527 et
349 1472 427 1525 Pacis
438 1488 498 1541 cap.
509 1476 549 1527 12.
561 1475 590 1524 et
599 1469 671 1525 illiua
683 1470 769 1539 expli·
804 1469 941 1539 gontarius
952 1468 1024 1527 euiru
1039 1468 1155 1539 pecunia
1165 1468 1348 1539 perscribeba-

225 1552 361 1605 cationem
371 1548 465 1603 arserit
475 1543 717 1605 Pulendordualib.
729 1548 767 1601 V.
804 1550 858 1612 tur,
875 1547 1023 1611 auctiones,
1041 1546 1124 1599 etalii
1137 1546 1349 1602 coatrae-tuede—
1441 1573 1443 1577 ·

226 1630 334 1705 dolare
345 1628 408 1681 Nat
419 1631 448 1680 et
458 1628 540 1682 Gent.
553 1628 652 1697 capd.
679 1625 769 1681 luca·
804 1625 880 1688 baut,
892 1629 920 1679 ct
931 1625 1031 1679 tabulae
1045 1624 1238 1678 condebantur.
1257 1624 1347 1681 Frcc.
1409 1660 1414 1667 -

225 1710 282 1779 pite
296 1723 359 1761 vero
377 1706 549 1775 praecedente
561 1704 650 1769 docet,
667 1720 770 1757 merca-
840 1704 915 1777 Emit
925 1702 1071 1767 iudanos]
1089 1702 1199 1757 Hortuli
1210 1704 1347 1761 instructi:

225 1788 309 1838 torem
321 1784 486 1853 injuatenon
499 1783 603 1847 leciaae,
620 1798 683 1836 cum
695 1781 769 1836 Rbo-
806 1776 869 1837 lul
886 1780 1086 1852 earinofomr'to.
1121 1779 1208 1839 quat.

113 1873 117 1883 ’
226 1862 278 1916 diu
296 1878 353 1917 non
371 1861 517 1915 indicasset
533 1877 616 1917 narea
633 1860 723 1929 plnrea
740 1860 770 1915 iu
841 1856 1046 1931 Norensem]
1063 1860 1210 1914 Salmasius
1226 1863 1306 1915 latu
1320 1859 1348 1917 iu

225 1958 307 1996 curru
317 1937 385 1995 erac.
413 1939 771 1995 lustitiamenimboctau·
806 1938 1037 2005 librodoUruria‚
1048 1954 1108 2007 cap.
1121 1942 1147 1993 6.
1157 1940 1240 1991 allato
1249 1938 1300 1993 boe
1312 1939 1350 1991 lo-

226 2021 284 2073 tum
296 2020 479 2092 requirerent
490 2035 524 2073 ca
536 2018 699 2084 indicentur,
707 2032 770 2086 quae
806 2034 841 2071 co
856 2034 891 2071 cx
903 2018 1022 2071 oratione
1033 2034 1081 2087 pro
1095 2016 1195 2075 Roscio
1207 2018 1349 2091 comoedoz

226 2098 264 2154 roi
275 2098 403 2165 subjectre
412 2097 576 2153 inhaereant:
593 2096 667 2150 verbi
679 2111 771 2161 causa,
808 2094 917 2159 Quadri
923 2096 967 2149 ille
977 2114 1037 2151 ruer
1044 2095 1161 2167 proferet
1173 2094 1278 2159 tabula,
1287 2114 1350 2168 pro-

227 2178 252 2231 ai
271 2176 367 2229 ‹lornua
384 2174 521 2245 postilena,
538 2174 562 2227 ai
580 2190 597 2227 a
613 2174 771 2241 magistratu
797 2172 1047 2247 feretrauaqwquc
1060 2174 1179 2232 Rosciae.
1206 2174 1351 2233 auruu-

224 2254 283 2325 jam
300 2252 380 2319 dejici
396 2252 485 2321 jussa,
502 2269 565 2321 quae
584 2268 649 2305 mox
664 2250 771 2308 Tullius
807 2252 858 2305 liae
869 2252 963 2307 talrdir
973 2252 1129 2317 mauman,
1139 2264 1166 2307 cr
1177 2254 1204 2307 ia
1214 2252 1349 2325 lepram

228 2332 354 2400 exempla
364 2330 481 2398 subjicit.
513 2331 566 2384 Sed
584 2329 771 2383 bicnibiltale
807 2331 867 2385 ml.
900 2329 956 2385 Ore*
975 2330 1061 2402 petitu
1078 2330 1157 2395 illias,
1177 2350 1254 2402 quum
1275 2332 1351 2405 duim

229 2410 434 2463 dissimulatum.
463 2408 601 2463 Frumenti
622 2408 771 2463 bonitatem
807 2409 937 2463 meddur?
962 2408 1170 2481 Soriprirretr'lle,
1187 2410 1351 2483 rinoajrura

230 2488 390 2555 amrium,
406 2488 566 2541 etomnium
576 2486 663 2541 oculia
674 2491 702 2539 et
712 2503 772 2556 prc-
808 2487 886 2559 bajus
902 2504 1037 2559 arpentum
1056 2486 1169 2542 tulisset?
1199 2488 1259 2541 Noa
1269 2488 1350 2561 serp

228 2566 331 2620 bationi
358 2566 439 2621 briaae
465 2565 616 2635 objectamr
643 2568 672 2618 et
695 2568 771 2631 tunc,
808 2566 880 2619 rr'rru
903 2566 951 2632 lie,
976 2566 1045 2637 quod
1061 2564 1142 2619 ridie
1176 2584 1261 2621 ouum
1274 2566 1352 2639 ferra

229 2647 340 2714 quando
350 2644 445 2699 venale
456 2644 662 2715 proponebatur,
679 2659 772 2699 revera
801 2642 937 2716 jureirret!
965 2643 1035 2697 Nam
1053 2662 1087 2715 qu
1161 2644 1259 2701 medum
1277 2654 1351 2719 turpe

229 2724 298 2777 tanti
313 2722 402 2791 lubae,
420 2722 513 2796 quanti
531 2721 771 2786 fueritveuditum,
809 2733 847 2776 err
867 2720 986 2786 murro,
1007 2722 1076 2793 duod
1097 2738 1147 2777 aon
1165 2719 1293 2786 ἀεῠεαιατ,
1314 2724 1353 2780 ric

228 2801 280 2853 etsi
291 2802 439 2871 paulopost
446 2801 556 2855 minoris
564 2803 635 2852 earet
643 2800 771 2853 laturum.
808 2798 951 2873 caprolarr
961 2809 998 2855 ert
1009 2817 1060 2855 non
1071 2800 1170 2873 referre
1182 2802 1249 2871 qaod
1255 2800 1353 2857 debeaec

230 2880 290 2933 Nec
303 2879 349 2948 jua
366 2881 470 2951 proprie
484 2880 590 2945 dictum
601 2877 714 2937 Rhodus
731 2878 773 2931 lu·
808 2878 896 2949 AEque
907 2878 975 2933 enr'm
982 2877 1072 2932 rabado
1083 2879 1296 2943 comedam,
1306 2878 1352 2933 lra-

229 2958 291 3025 iaac,
313 2963 345 3011 ut
366 2975 402 3011 ex
425 2961 571 3011 mercatore
594 2955 646 3010 hoc
666 2955 773 3021 acirent,
801 2957 852 3029 jur
861 2956 1003 3029 palemon
1018 2954 1219 3021 torrenten
1236 2956 1292 3029 q'ur
1307 2958 1355 3029 qai

230 3036 331 3107 quippe
343 3036 390 3108 qui
404 3051 469 3090 oum
487 3034 521 3089 de
538 3050 571 3087 ea
586 3051 616 3087 re
632 3050 773 3104 uunquam
800 3034 904 3107 saleru
911 3034 1072 3112 perscripsit.
1101 3034 1146 3089 Ex
1158 3034 1207 3100 bia,
1217 3035 1353 3104 inquitrir

230 3130 293 3170 cum
305 3131 338 3167 eo
349 3108 531 3185 pacti'eraeut.
559 3112 646 3167 Addit
657 3128 774 3183 quoque,
811 3112 1086 3182 maximua„perapici
1103 3113 1174 3167 clare
1192 3118 1280 3183 potest
1292 3128 1352 3169 ere·

231 3208 260 3243 ae
276 3192 398 3245 dubitare
410 3209 475 3248 num
487 3196 581 3245 contra
593 3194 681 3260 legem
693 3190 775 3245 bene·
812 3192 1024 3257 ditorcm‚·cum
1047 3206 1144 3248 nomen
1166 3192 1272 3258 laceret,
1300 3193 1352 3252 boe

232 3270 346 3322 fioenuae
364 3274 392 3323 et
408 3270 583 3324 humanitatis
599 3270 700 3325 lecerit.
735 3268 776 3325 Ut
812 3277 862 3337 eat,
869 3270 1012 3341 pneumam
1023 3269 1103 3323 alicui
1112 3270 1242 3337 erederet,
1253 3287 1353 3328 nomeu

232 3348 305 3413 euim
322 3348 357 3405 ad
373 3347 532 3402 beneficium
551 3349 628 3402 alteri
645 3346 776 3414 dandum,
811 3348 977 3405 debitoriain
989 3348 1087 3406 rabula
1098 3347 1308 3417 ruiracripairac,
1325 3352 1354 3403 ct

232 3424 399 3479 humanitate
411 3425 618 3494 obstringamur,
627 3427 776 3495 requirunt
812 3443 944 3484 summam
952 3424 1135 3495 debiti,quam
1143 3428 1354 3498 erpmumferre

232 3503 291 3573 ipae
301 3504 348 3560 illo
357 3502 475 3573 gratuito
485 3505 564 3559 valde
574 3504 703 3572 indigeat.
720 3506 775 3559 Sed
812 3504 960 3570 dicebatur,
971 3506 1034 3574 quia
1041 3505 1221 3573 expendebat
1245 3506 1354 3575 Expen-

233 3582 354 3635 Rhodios
361 3599 430 3653 opus
439 3582 563 3644 babuisse
571 3582 711 3648 frumento,
720 3598 776 3637 non
812 3599 873 3639 aum
884 3583 933 3636 sibi
944 3582 1010 3637 serre
1020 3582 1135 3651 jubebat
1149 3584 1264 3642 creditor
1280 3584 1354 3641 debi-

232 3661 356 3729 pocunia,
390 3663 444 3731 qu'a
472 3661 644 3724 abundarint,
675 3661 777 3729 quippo
812 3666 906 3727 torem,
924 3660 1007 3733 quiin
1019 3662 1124 3721 tabulae
1141 3678 1203 3720 suaa
1215 3660 1354 3731 rescrebat,

179 3778 182 3785 ·
232 3756 347 3809 quarum
366 3757 433 3809 opes
450 3740 522 3809 apud
541 3740 667 3807 antiquos
682 3739 776 3793 multia
812 3738 884 3808 quod
903 3746 1045 3809 acceperat
1065 3756 1097 3797 ac
1120 3738 1244 3795 debebat.
1279 3740 1354 3795 Hine

233 3820 409 3876 celebrentur.
444 3817 776 3887 Sednequotuncadbe·
810 3816 903 3872 rabula
921 3818 1018 3889 accepti
1032 3828 1056 3873 et
1073 3816 1176 3889 erprud
1194 3818 1354 3893 ebubaquo

232 3897 359 3950 celicium
377 3896 405 3949 in
420 3898 503 3952 aliurn
522 3894 777 3951 conterendumnoa
811 3900 887 3964 parte
904 3897 1123 3951 conficiebantur.
1158 3896 1204 3951 Ab
1220 3896 1266 3949 illo
1280 3911 1354 3951 more

233 3974 353 4042 obligari,
374 3976 483 4045 quando
504 3991 553 4045 per
574 3974 602 4028 id
621 3973 696 4026 danti
713 3974 778 4045 plur
811 3974 943 4029 referendi
959 3976 1067 4030 nomina
1078 3974 1238 4038 debitorum,
1255 3974 1354 4043 quibua

233 4051 357 4117 decedat,
380 4064 462 4121 quam
486 4051 630 4122 accipienti
653 4053 775 4111 accedat,
812 4052 914 4123 aliquid
924 4054 1106 4118 credidissent,
1117 4052 1148 4107 in
1156 4051 1354 4109 tmuium-an

233 4129 320 4201 Atqui
339 4131 400 4199 plur
419 4132 487 4184 lucri
504 4132 677 4185 decessurum
694 4130 777 4185 urina
801 4130 906 4202 jacere,
917 4136 1044 4190 etnam
1055 4128 1136 4188 locare
1148 4128 1288 4191 dicebatur
1298 4145 1355 4185 cre·

233 4208 791 4279 mercatoriaiclaaaemaequiindicaaret,
812 4208 891 4277 ditor,
900 4211 946 4281 qui
953 4211 1097 4283 pecuniam
1104 4208 1238 4267 credebat
1253 4206 1354 4264 Contra

233 4302 317 4356 quarn
338 4285 464 4347 frumeuti
492 4287 656 4357 emptoribur
681 4289 777 4343 tutaret
812 4289 917 4345 debitor
935 4306 997 4345 cum
1017 4288 1150 4344 creditum
1168 4284 1290 4351 solveret,
1309 4304 1355 4349 aa·

233 4380 414 4419 wceaauram.
444 4366 517 4420 Nam
528 4382 590 4419 cum
606 4368 675 4423 inter
685 4368 775 4437 plures
811 4384 870 4421 men
890 4365 1031 4431 alterutrare,
1051 4366 1177 4439 repedare,
1199 4382 1354 4439 expurgera,

233 4442 263 4495 id
282 4444 481 4509 distraheretur,
497 4444 608 4512 ringrdia
622 4460 718 4514 parurn
729 4446 776 4497 de·
812 4444 876 4515 quia
887 4443 1092 4514 expungebatur
1102 4459 1201 4499 nomen
1217 4442 1277 4511 ejus
1288 4462 1304 4499 o
1315 4450 1355 4499 ta·

234 4522 345 4584 cerense
356 4524 445 4576 aoluto
461 4524 571 4593 antiquo
581 4522 676 4593 pretio.
703 4522 776 4580 Prte-
812 4520 1041 4585 buliacreditoris,
1056 4522 1246 4579 ubiaolviaaet.
1282 4524 1353 4581 uec

235 4601 308 4656 terea
316 4600 473 4658 Ciceronem
489 4618 506 4657 a
524 4600 578 4658 doli
589 4600 653 4661 mali
663 4601 775 4662 crimine
813 4602 967 4668 Salmasius,
985 4600 1070 4669 quiid
1088 4601 1211 4671 pluribus
1224 4602 1355 4673 exemplis
