3234 5217
307 353 506 443 bbu'ffi‘
570 359 590 432 ‘a
676 375 1044 432 narsnonrnurs

313 522 507 578 Clodio'miror
523 521 668 592 quidquam
685 521 786 589 negotii
804 521 851 574 hs·
887 518 1073 589 Aristophanis
1084 518 1119 570 ad
1130 515 1423 576 similitudinemaooo-

315 601 386 654 bere:
422 601 485 654 Non
502 606 544 653 est
561 601 676 653 insolens
695 604 772 654 ourta
791 597 851 654 baso
888 599 949 653 dat:
967 602 1042 667 puta,
1062 597 1127 665 qnia
1145 595 1278 648 oomionm
1294 591 1423 661 quiddam

316 677 424 734 uisendi
435 679 511 745 ratio,
522 678 669 748 praesertim
681 679 710 731 in
725 677 852 746 epistolis,
887 677 915 728 in
924 675 1069 740 sententiis,
1078 691 1113 727 ex
1123 670 1309 747 Aristophanis
1318 685 1424 738 genere,

316 762 344 809 et
355 755 477 810 familiari
487 772 616 828 sermone.
637 755 751 810 Publilio
762 760 853 808 tamen
888 770 944 822 prae
957 771 985 806 se
996 754 1072 808 ierat.
1098 753 1177 805 Mau.
1197 749 1239 803 Ab
1251 746 1424 818 Aristophane

317 833 418 886 habent
439 836 531 888 caeteri
552 850 664 890 omnes:
691 838 719 887 et
740 832 853 900 intelligi
888 832 1124 884 meaemendatum
1137 832 1178 883 est
1187 829 1215 880 in
1224 826 1343 894 margine
1355 824 1425 887 libri,

271 911 274 916 '
318 912 452 978 potestde
465 913 589 980 Publilio,
602 911 852 982 sequanuxll.
889 911 936 978 qni
955 909 1068 962 collatus
1088 912 1129 961 est
1149 922 1212 961 oum
1233 903 1424 971 mannsoripto.

318 991 344 1040 7.
380 988 514 1044 Omana·
755 1054 760 1064 Ι
890 986 992 1042 Unam.

355 1065 606 1138 Iauoiorsepr'slola]
621 1068 853 1140 Nonesepistolae
924 1064 1043 1132 Annali]
1069 1063 1161 1118 Villiae
1182 1061 1278 1131 gentis,
1300 1058 1423 1129 plebeiae.

320 1158 388 1210 pars,
400 1161 461 1212 quaa
473 1163 490 1198 a
501 1147 631 1217 principio
649 1154 678 1201 et
694 1165 711 1201 a
728 1149 780 1200 line
796 1145 854 1214 pari
890 1144 992 1197 Natum
1008 1158 1157 1212 cognomen
1173 1141 1207 1192 ab
1219 1156 1260 1203 oo,
1271 1139 1319 1208 qni
1335 1140 1423 1204 legem

320 1221 402 1275 distet
412 1224 559 1289 intervallo,
571 1228 619 1279 sed
629 1243 671 1292 ea,
682 1243 744 1296 qnae
760 1226 794 1278 ab
805 1238 855 1277 ex·
889 1222 925 1275 de
944 1222 1068 1289 petendis
1088 1219 1287 1289 magistratibus
1307 1214 1425 1269 samiam

319 1305 404 1354 tremo
415 1303 525 1369 propius
542 1305 619 1367 absit,
630 1321 710 1374 qnam
727 1321 743 1356 a
759 1303 855 1373 prinoi-
889 1290 918 1351 ln
937 1299 1076 1353 tribunatu
1093 1301 1130 1368 pl.
1152 1297 1219 1351 tulit.
1237 1295 1332 1348 Livius
1348 1295 1424 1359 libro,

318 1376 371 1444 pio.
408 1379 440 1432 Id
453 1381 716 1451 adeooognosoetnr,
735 1383 766 1445 si,
781 1382 853 1449 qnod
890 1377 993 1445 opinor,
1005 1379 1071 1433 XL.
1105 1379 1185 1432 Man.
1320 1380 1323 1390 '

319 1457 392 1521 spnd
415 1460 537 1529 antiquos
556 1463 676 1530 epistolae
697 1459 854 1513 claudendae
925 1453 1180 1524 Noa...miratum]
1192 1453 1423 1519 Quiamirandum

319 1549 403 1600 genus
414 1545 493 1604 osset,
504 1540 684 1593 ostendemus.
709 1539 770 1590 Non
782 1537 859 1595 enim,
890 1547 945 1585 non
955 1538 1004 1598 est,
1013 1534 1111 1587 sordidi
1121 1534 1255 1586 hominem
1264 1533 1425 1584 astilioiibu·

319 1616 394 1678 tuno,
405 1630 446 1678 eo,
458 1633 512 1685 quo
531 1633 603 1670 nuno
622 1618 747 1679 solemus,
764 1614 854 1678 modo,
890 1611 1047 1662 manitatem
1064 1611 1193 1677 ignorare.
1223 1610 1267 1661 De
1287 1609 1428 1679 Hippoda-

51 1679 53 1688 ’
103 1744 105 1754 ,
146 1699 152 1710 ⁴
261 1732 264 1736 Α
319 1693 557 1759 complicabuntur,
569 1693 614 1748 sed
627 1695 655 1746 in
667 1693 757 1746 orbem
770 1693 855 1745 iuvol-
890 1688 941 1739 mis
953 1704 1042 1756 snpra,
1059 1688 1111 1740 hac
1128 1687 1310 1755 eademepist.
1327 1695 1424 1756 eapti.

231 1797 234 1808 ·
319 1769 450 1823 vehantur
464 1772 592 1840 epistolae,
607 1772 654 1833 ita,
667 1775 706 1836 nt,
718 1787 779 1839 quae
791 1771 854 1823 nlti—
890 1764 976 1818 Ionis.

318 1859 365 1898 ma
375 1849 617 1918 soriptainpagina
626 1866 686 1919 pars
697 1854 762 1914 erat,
772 1851 856 1902 inuol-
926 1843 1028 1911 Capff·
1056 1842 1148 1904 Dm]
1175 1843 1204 1894 Si
1221 1842 1373 1910 qullereiur
1389 1861 1425 1898 ⁰1

319 1927 426 1977 voratur
443 1927 544 1994 prima;
561 1945 623 1996 quas
640 1928 734 1996 prims,
752 1928 854 1982 ultima.
891 1922 981 1976 Anioii
995 1937 1116 1990 persona,
1137 1920 1188 1979 boo
1201 1921 1297 1985 modo;
1314 1922 1426 1976 miram

320 1999 437 2056 Manus.
891 1999 1333 2066 Asioias,sribiltsresorslasidsss:
1345 2002 1428 2055 usita-

355 2079 490 2153 Pompeio]
502 2083 535 2136 In
544 2084 690 2152 Hispanias
698 2086 855 2153 proconsule
892 2083 1038 2133 tumsssot.
1051 2078 1177 2132 Nunoax‘
1184 2093 1355 2146 personasna
1364 2095 1426 2134 oum
1444 2118 1446 2123 -

319 2157 399 2211 ituro.
429 2161 561 2214 Sisenim
583 2163 734 2232 putabatur.
752 2162 855 2216 Verum
892 2157 982 2221 disan
998 2155 1065 2210 soleo
1081 2153 1326 2220 admiravisum
1341 2173 1427 2211 assor·

319 2237 440 2292 nonirit
476 2237 561 2294 loss.
892 2235 1043 2289 anunm
1059 2250 1141 2304 quam
1159 2233 1317 2304 propriane,
1332 2251 1427 2303 proso,

354 2314 398 2367 De
417 2335 472 2370 ma
491 2318 629 2389 msrsim]
656 2320 857 2385 Quamssaem
892 2313 1009 2378 positum
1038 2313 1081 2376 sit,
1110 2311 1277 2380 grammatici
1305 2313 1428 2368 viderint.

319 2393 454 2461 cupiebat,
472 2400 505 2448 ut
519 2397 577 2464 eJ'us
589 2413 640 2466 ope
651 2403 731 2466 alque
742 2395 858 2449 auotori-
892 2389 973 2445 Mau.
990 2391 1124 2444 Viderunt
1144 2406 1209 2444 sano
1228 2389 1369 2458 diligenter
1385 2392 1428 2446 Fr.

320 2473 386 2538 tate,
397 2472 493 2540 quibus
510 2475 538 2528 in
557 2477 636 2530 rebus
650 2493 716 2547 opus
727 2479 805 2541 osset,
816 2475 857 2528 uti
893 2469 1027 2533 sanctium
1038 2473 1066 2521 θῐ
1077 2469 1094 2522 J
1096 2485 1135 2522 ω
1145 2469 1167 2522 Ρ
1169 2467 1309 2537 emm,
1316 2469 1428 2524 Mim-

319 2555 416 2620 posset.
435 2553 528 2622 Supra,
540 2555 612 2623 quod
624 2556 674 2608 hoo
689 2556 816 2620 declarat,
826 2553 858 2607 il·
893 2548 933 2602 11.
946 2552 987 2602 12.
1022 2548 1104 2603 Onrv.

320 2630 368 2682 lud
390 2634 451 2684 est:
476 2633 543 2701 quod
570 2633 632 2686 mili
658 2633 745 2700 ouum,
764 2632 858 2686 Romo
926 2633 997 2698 ntis]
1022 2628 1123 2683 Idost:
1141 2627 1429 2696 videquomodoaliuss

316 2711 470 2778 prasertim,
482 2720 509 2764 ut
521 2712 567 2767 ists
582 2729 622 2766 me
635 2720 720 2784 rogat,
730 2711 858 2766 munerati?
893 2715 1054 2761 tractaverat.

322 2785 406 2843 Inna.
547 2837 550 2844 .
929 2778 1269 2852 Qrsenmrlmodmusonjieio]
1287 2783 1431 2850 Imperfeo-

356 2865 411 2918 Neo
420 2867 457 2920 ad
463 2865 586 2937 Oppisoa]
605 2868 660 2931 Qui
668 2883 731 2920 oum
743 2867 858 2920 Caesaris
893 2866 923 2915 ta
932 2861 1081 2914 sententia:
1099 2860 1156 2926 sed,
1169 2860 1271 2927 opinor,
1288 2860 1339 2911 hoo
1351 2861 1431 2928 signi-

321 2941 436 2995 inzurba
455 2945 547 2997 omnia
565 2945 673 3011 negotia
694 2948 857 3010 procuraret,
893 2941 971 2991 linat:
989 2937 1217 3005 quemadmodum
1231 2937 1354 3004 conjicio,
1363 2956 1430 3007 qna-

322 3018 357 3072 ad
379 3035 442 3072 eum
464 3037 571 3090 quoqne
595 3021 709 3073 Caesaris
730 3022 858 3074 mandata
893 3016 916 3067 si
928 3016 1037 3067 minima
1047 3015 1123 3067 illum
1134 3015 1213 3077 noris,
1221 3014 1260 3067 ita
1269 3031 1312 3068 res
1323 3017 1361 3069 illi
1370 3021 1430 3072 tuas

322 3098 435 3164 perferre
451 3097 586 3152 Vibullius
603 3100 704 3162 debuit,
718 3099 859 3166 utisage-
893 3092 1046 3144 committis
1081 3093 1181 3161 Inoipit
1197 3095 1297 3159 autom,
1315 3095 1430 3151 fraterno

320 3178 363 3226 ret
374 3191 437 3228 oum
445 3176 585 3244 Pompeio,
596 3193 631 3229 ne
642 3193 695 3242 me,
710 3177 732 3228 si
744 3175 859 3229 Caesaris
894 3187 984 3223 amoro
1003 3170 1144 3237 adductus,
1162 3172 1213 3224 hoo
1232 3164 1339 3226 dicere:
1357 3191 1431 3236 mox,

323 3267 406 3305 eausa
414 3253 502 3313 vebat,
510 3254 545 3307 'ab
558 3257 622 3308 urba
635 3259 790 3308 removeret
813 3255 857 3310 In.
894 3267 929 3303 ne
937 3250 1044 3303 fratrem
1054 3250 1175 3304 videatur
1186 3252 1265 3305 nimis
1276 3254 1367 3306 multis
1374 3269 1432 3307 ver·

358 3329 553 3394 Quaesitus]
565 3333 642 3386 Fecit
648 3333 698 3386 hoo
706 3332 858 3386 Vibulliust
893 3328 935 3382 bis
945 3332 977 3380 ut
994 3328 1191 3396 imprudentem
1209 3345 1326 3394 monere,
1343 3336 1444 3385 extre·-

323 3409 386 3462 Nou
403 3409 474 3462 euim
494 3410 545 3463 hoo
564 3412 598 3464 ad
616 3412 751 3464 Caesarem
770 3413 860 3480 placet
895 3423 966 3460 mam
975 3409 1114 3460 sententiae
1122 3413 1225 3477 partam
1234 3411 1341 3463 omittit.
1352 3411 1431 3464 Man.

321 3487 426 3542 referri:
445 3505 479 3541 ne
490 3490 613 3544 videatur
622 3490 651 3544 in
667 3508 700 3544 eo
717 3491 857 3544 consilinm
925 3490 1044 3558 'aptum
1067 3488 1172 3539 Partem
1185 3487 1322 3555 quandam
1338 3486 1372 3539 ab
1391 3505 1432 3540 ar-

323 3566 464 3634 requirere.
500 3568 585 3622 Iners.
680 3619 681 3624 ,
895 3571 1025 3636 gumento
1037 3565 1174 3634 proposito
1184 3564 1343 3631 sejunctam,
1352 3565 1434 3619 inter-

358 3643 523 3718 Quanquam]
552 3647 714 3716 Quanquam
736 3663 789 3700 non
809 3648 860 3700 boo
895 3647 1063 3716 positionem.
1099 3644 1187 3698 Innu.

323 3721 672 3793 ideo‚dioo,qniavolnerim
682 3725 800 3794 Oppium
811 3725 861 3777 Vi·
930 3724 1002 3779 Satis
1023 3724 1183 3789 commodas]
1215 3721 1286 3774 Satis
1308 3737 1433 3791 prospera

323 3799 506 3867 bullii'verbis,
519 3804 628 3871 oognita
641 3805 755 3856 Caesaris
766 3805 860 3857 volnu-
896 3803 1078 3871 significantes
1090 3802 1123 3854 de
1135 3801 1291 3853 Britannioo
1301 3801 1381 3867 bello,
1392 3817 1434 3853 sa·

323 3881 388 3944 tate,
399 3880 507 3945 addnoi,
515 3887 547 3935 ut
558 3885 649 3951 ageret
659 3899 722 3936 oum
731 3880 862 3951 Pompeio
896 3883 932 3934 tis
942 3899 977 3935 ex
989 3885 1080 3934 nostra
1087 3879 1233 3932 voluntate.
1249 3906 1252 3915 =
1268 3879 1354 3933 Inna.

231 3939 241 3964 ³
324 3957 437 4012 demea
451 3961 599 4014 mansione.
628 3961 860 4028 Quinegoillum
904 3955 1052 4030 Ἔπη]
1071 3958 1114 4010 Ob
1133 3956 1271 4010 interitum
1288 3957 1357 4010 filias.
1385 3956 1432 4011 ln.

323 4042 488 4106 sna-sponte
509 4040 573 4092 satis
598 4038 749 4100 incitatum,
777 4039 860 4092 tenni.
897 4036 968 4090 Haeo
987 4040 1078 4089 tamen
1097 4035 1187 4100 verba,
1205 4052 1279 4088 sasas
1299 4033 1351 4101 ille,
1370 4051 1432 4104 qum
1463 4103 1467 4108 ,
1562 4064 1565 4074 ·

325 4114 514 4169 Reatinsenim
523 4116 599 4182 duxi,
607 4115 757 4170 Vibullium
766 4118 860 4182 primo,
896 4117 1024 4182 leguntur
1034 4129 1115 4182 snpra
1125 4129 1185 4182 oap.
1195 4117 1220 4166 b
1233 4113 1267 4165 de
1278 4113 1359 4166 lulius
1370 4114 1433 4167 tiliae

324 4193 369 4246 oui
380 4193 471 4246 Caesar
483 4211 601 4264 praesens
613 4196 739 4263 praesenti
750 4195 861 4248 merida·
896 4193 1007 4247 interitu
1017 4192 1104 4246 noluit
1113 4190 1234 4259 intelligi.
1251 4190 1388 4259 Equidem
1396 4192 1436 4245 ia·

324 4275 407 4334 verat,
426 4272 522 4326 deinde
541 4274 670 4342 Oppium,-
688 4271 733 4326 oui
748 4273 860 4340 scripse·
896 4275 964 4334 teor,
974 4286 1029 4323 non
1040 4286 1145 4338 semper
1161 4269 1215 4322 vim
1227 4270 1336 4322 subesse
1348 4271 1435 4324 omni·

324 4351 374 4412 rat,
387 4365 465 4417 agere
474 4363 540 4404 oum⁴
549 4351 685 4420 Pompeio.
722 4349 808 4404 Innn.
896 4346 1435 4415 noeandemhisvooibns,oasas,laotus.·

360 4432 474 4499 uambae]
508 4429 668 4484 Posteriores
689 4426 860 4500 coguationss,
897 4427 960 4491 Sed,
971 4442 1035 4479 oum
1043 4427 1077 4478 de
1089 4425 1331 4478 eodemineadem
1341 4426 1435 4483 dionu-
1463 4461 1469 4469 ·

324 4504 542 4562 utalibitlioero.
650 4543 665 4578 ¹.
896 4505 1204 4576 tnrepistola,rssduas
1221 4504 1363 4574 significari
1377 4520 1434 4561 noa

357 4581 423 4652 Cap.
434 4588 459 4638 6·
479 4585 666 4658 Aristophaneo
676 4581 761 4657 modo]
786 4585 858 4650 Quo
895 4583 1150 4638 taossaorediderim.
1185 4583 1307 4638 Ossam.
