3234 5217
160 955 163 960 ·
235 913 554 975 mimmiiimm'usoe

656 349 914 405 uacuatos
968 352 971 359 ·
1264 354 1334 423 581
1441 320 1444 327 ’

236 494 591 572 qsasadessmeruo't.
627 494 1056 567 Erpsnesmpumlmtisn
1070 497 1202 560 bohemum·
1219 511 1340 571 asposta-

235 572 433 625 n'oreduntuarct
440 568 522 638 primi
533 566 591 619 titre·
598 565 760 636 particulae
794 566 1092 639 Resqussaeessaus
1102 572 1262 641 consumpsit.
1296 574 1340 626 sq.
1413 602 1419 609 x
1503 638 1506 653 .

235 656 345 704 costus,
357 642 386 693 io
397 641 502 707 Fragm.
519 636 598 689 Tamo
608 636 629 688 I
630 636 659 688 V.
671 636 722 689 Est
734 638 848 689 Ernesti.

271 712 428 773 Lucceius,
440 709 495 761 sive
506 708 738 760 Acsneurcouurr
750 706 813 759 liber
823 708 862 761 ΙΙ.
898 708 977 761 Hune
987 707 1094 761 indum
1103 707 1166 761 libro
1175 711 1338 779 preficimus,

233 800 289 836 eum
306 780 382 851 uulgo
398 781 472 833 detrsr
482 776 705 831 Academicorum
720 778 897 845 quaestionum
910 778 975 831 liber
986 780 1129 842 secundus,
1141 795 1189 831 seu
1202 782 1298 847 potius,
1309 790 1342 835 ut

235 838 297 908 eum
309 856 432 904 numerat
443 848 548 910 Nonius,
561 846 611 899 IV.
630 846 675 915 qui
685 847 839 938 inscribitur
853 848 989 928 Lucullus·
1026 848 1158 930 uleus-de:
1175 867 1233 902 ream
1242 851 1341 905 Acade·

235 1010 296 1063 quos
307 992 433 1043 Catulum
450 988 543 1040 vocum
555 916 1083 1041 pmffimhgpnappmtm
1093 922 1343 1053 ιιὲηἳιίθοῖἓρζξᾝ

231 1062 368 1133 prologum
379 1062 471 1122 derum,
474 1058 562 1129 ssent
573 1056 687 1110 editionis
696 1056 787 1126 prime
798 1055 861 1111 liber
872 1058 999 1112 recaredus.
1029 1058 1123 1112 Postea
1135 1068 1228 1112 mutato
1240 1060 1342 1114 consilio

235 1134 287 1185 leue
298 1130 451 1184 Academica
462 1128 565 1197 refinxit
575 1127 692 1196 scriptor,
704 1135 729 1179 et
739 1144 770 1178 eu
780 1127 876 1181 duobus
886 1139 993 1198 quatuor
1002 1128 1155 1199 librossect't‚
1167 1145 1228 1198 quos
1236 1131 1270 1182 ud
1280 1132 1344 1185 Var-

236 1220 322 1255 ronem
332 1201 410 1254 mint.
446 1199 490 1251 Eu
498 1198 538 1249 leis
546 1196 625 1265 primi
635 1206 731 1249 tantum
739 1197 867 1268 purejam
877 1208 988 1269 superest
993 1219 1003 1260 ;
1020 1198 1077 1251 ls'cet
1087 1198 1186 1253 Nonius
1196 1216 1237 1250 cos
1286 1213 1342 1255 erat

236 1273 432 1342 integ-roratas
434 1265 710 1338 frngmmulsquebtt
729 1267 797 1319 Rem
805 1276 883 1321 totum
891 1268 1028 1322 iuuenca
1038 1280 1128 1323 narrat
1138 1268 1192 1323 Cs'e.
1201 1269 1244 1323 lib.
1288 1272 1341 1326 111.
1425 1310 1430 1321 ,

238 1343 273 1394 ad
284 1341 341 1393 Au.
360 1339 423 1393 Vide
433 1339 471 1391 sir
484 1355 526 1407 ep.
541 1341 583 1390 16.
598 1341 639 1390 19.
650 1339 692 1400 tc.
726 1336 874 1392 Davisius.

486 1477 687 1558 DELEGTUS
709 1479 1096 1535 COMMENTARIORUM.

269 1596 772 1671 Gap.1.0amismnuroreiassrianis]
809 1601 961 1668 gistratibus
984 1602 1106 1671 gerendis
1125 1606 1270 1660 maximam
1290 1612 1346 1678 glo-

239 1680 369 1733 Gruterus
380 1678 520 1747 rescripsit,
528 1677 652 1740 humosa,
663 1681 691 1729 et
700 1678 773 1729 stoli·
807 1680 874 1731 rium
886 1695 943 1731 esse
955 1685 1137 1733 consecutum.
1167 1683 1247 1747 Quod
1258 1704 1293 1740 ex
1305 1700 1345 1742 soz

238 1760 302 1811 dum
311 1774 369 1811 esse
381 1757 419 1809 ait
430 1756 497 1809 illud
508 1757 588 1824 prius
609 1754 662 1809 Sed
674 1754 773 1821 rejecta
809 1758 953 1825 questibus
961 1762 1044 1825 patet,
1053 1763 1102 1811 eta
1111 1760 1253 1815 Plutarcho
1262 1766 1345 1821 ebun-

237 1837 342 1889 Gruteri
365 1835 560 1899 emendatione,
580 1832 647 1885 nihil
667 1836 773 1885 mutan·
809 1835 843 1886 de
855 1837 1033 1891 confirmatur.
1070 1837 1229 1893 Bussenius.

236 1916 309 1967 dum.
343 1915 403 1967 Stat
419 1912 489 1965 enlm
507 1910 772 1979 sententiarumque
844 1914 972 1967 Paternus
982 1912 1140 1989 inimicitias]
1153 1918 1260 1972 Luculli
1268 1926 1344 1991 pater

236 1994 330 2045 Cicero
342 1992 468 2061 explicat,
484 1991 532 2043 ubi
546 1989 772 2056 lraeosubjungit:
809 1997 865 2045 itas
882 2000 970 2053 κλοπῆς,
992 2000 1146 2047 accusatore
1168 1997 1278 2050 Servilio
1298 2018 1345 2055 au·
1460 2030 1466 2039 ·

237 2071 338 2137 diutim,
359 2087 435 2140 qnam
454 2068 548 2132 vellem,
568 2068 641 2121 mutu
662 2067 700 2119 aia
721 2068 773 2119 cir-
809 2086 885 2138 gure.
913 2072 1121 2126 chaLucullo
1133 2076 1271 2136 peculatus
1282 2079 1344 2133 insi-

154 2148 159 2154 “
238 2148 498 2219 memmingen&
509 2146 677 2220 peregrinere
690 2144 773 2215 objicit
808 2149 972 2213 mulabatur;
985 2152 1159 2203 atincolumis
1167 2154 1259 2208 evasit.
1273 2156 1345 2209 Virle

237 2226 470 2297 mondisetsoai,
488 2226 612 2279 aaran.
640 2224 772 2277 Aeones.
809 2226 980 2279 Plutarchum
997 2227 1025 2279 in
1037 2228 1161 2281 Lucullo.
1197 2228 1343 2289 Davisius.

158 2306 162 2314 '
238 2308 294 2360 Res
304 2307 414 2360 urbanas
425 2305 567 2373 aliquando
580 2303 682 2356 notius
691 2316 774 2370 oppo-
843 2304 942 2358 Abanta
948 2304 1038 2374 suetus
1048 2304 1137 2370 sedilis,
1148 2308 1263 2362 conuiuae
1277 2330 1345 2383 proe-

238 2386 339 2438 nebant
351 2384 473 2437 Romani.
498 2385 544 2437 Sic
557 2381 772 2451 apndPlautum‚
809 2382 962 2444 sentinetur
971 2382 1149 2437 carimdes-ius
1157 2384 1345 2463 legiaproema'o]

240 2464 324 2517 Curia
343 2472 391 2517 cet.
413 2460 439 2514 1.
459 2480 493 2514 sc.
507 2462 532 2515 1.
553 2475 643 2513 servus
663 2460 773 2529 quidam
809 2461 975 2517 AEdilitatem
983 2466 1097 2529 praetura
1104 2463 1210 2517 biennio
1218 2473 1343 2533 postcon-

239 2543 353 2597 rusticus
365 2541 468 2593 erebus
476 2541 582 2592 urbanis
591 2540 722 2592 abstinere
729 2537 775 2605 ju·
809 2538 978 2607 sequebatur,
990 2540 1059 2606 quod
1072 2555 1144 2608 saepe
1160 2540 1225 2607 jam,
1243 2548 1270 2597 et
1289 2547 1344 2615 opi.

242 2624 328 2675 betur.
363 2620 535 2673 Ateosensu
548 2618 664 2671 vexilla
680 2616 774 2669 inhoo
811 2633 866 2681 uor,
877 2616 953 2684 primi
965 2616 1027 2667 olim
1038 2615 1185 2669 docuimus.
1214 2618 1346 2677 Lucullus

239 2702 322 2756 'lum
330 2701 389 2753 loco
400 2697 486 2765 accipi
494 2696 594 2765 nequit
619 2695 724 2763 Saepius
731 2708 774 2746 res
811 2699 909 2758 autem,
926 2694 1092 2761 Syllanarum
1103 2698 1218 2762 partium
1231 2698 1345 2765 adjutor,

241 2782 350 2836 urbanae
373 2776 504 2830 rebellicis
528 2775 772 2843 distinguebantur:
809 2788 873 2827 eum
888 2773 971 2826 aedilis
989 2772 1089 2836 luisset,
1104 2774 1232 2827 contiuuo
1250 2782 1347 2845 praetor

239 2876 290 2913 nee
309 2874 372 2911 sane
381 2854 496 2908 dubitari
507 2855 604 2922 potest,
615 2852 680 2921 quin
691 2852 718 2903 iu
730 2866 773 2901 ea·
808 2854 896 2905 fectus
914 2856 955 2903 est
972 2850 1101 2904 beneficio
1117 2852 1192 2919 legis,
1204 2857 1235 2907 ut
1245 2857 1346 2923 opinor,

218 2940 301 2998 ‚dem
328 2934 519 3004 significatione
546 2947 634 2985 rerum
660 2931 774 2983 emaus
811 2930 909 2999 asylla
920 2929 1048 2988 dictatore
1060 2931 1131 2993 latae,
1141 2932 1172 2981 ut
1183 2930 1224 2995 iis,
1232 2935 1278 3001 qui
1287 2951 1346 3003 par-

239 3033 297 3069 rum
307 3015 406 3069 mentio
417 3012 488 3065 lacta
498 3010 615 3063 fueritin
626 3009 773 3077 eo,dequ0
810 3013 851 3061 tes
862 3008 920 3075 ejus
931 3009 958 3061 in
970 3006 1041 3061 civili
1055 3008 1126 3061 bello
1144 3011 1229 3063 secuti
1248 3018 1345 3081 essent,

240 3097 334 3164 agitur,
353 3095 422 3145 loco:
438 3098 441 3104 '
457 3090 570 3142 iuvenis
591 3088 663 3140 enim
685 3087 775 3140 adhuc
811 3086 922 3139 honores
938 3092 999 3139 ente
1018 3089 1124 3155 tempus
1140 3102 1234 3155 cupere
1244 3090 1345 3146 liceret.

242 3170 372 3225 Lucullus
384 3168 469 3221 aedilis
477 3167 564 3219 lactus
572 3170 692 3236 suanno
701 3164 774 3218 U.C.
811 3166 882 3218 Nam
890 3164 1121 3233 epudAppianum
1130 3165 1175 3218 lib.
1185 3166 1208 3219 1.
1216 3170 1344 3237 scriptum
1449 3205 1453 3213 ,

240 3261 378 3301 ucuxxrv.
401 3249 430 3295 et
449 3248 545 3312 praetor
567 3244 685 3296 urbanus
705 3258 775 3295 anno
812 3248 860 3307 est,
870 3244 928 3311 lege
936 3244 1014 3311 Syllae
1024 3248 1183 3308 cautum,ne
1192 3240 1360 3314 quis,omis-v

242 3337 382 3379 uccxxvr.
406 3338 438 3374 ao
459 3321 567 3373 taudem
590 3321 683 3373 consul
705 3335 775 3372 anuo
812 3340 841 3375 sa
852 3327 973 3390 praetura,
981 3322 1138 3375 consultiori
1148 3328 1245 3391 posset.
1264 3326 1344 3391 Quod

242 3414 380 3458 ucsxxix.
409 3400 452 3451 lta
462 3402 494 3450 ut
504 3414 550 3466 per
561 3407 653 3451 omnes
665 3399 776 3450 urbano-
812 3401 907 3453 Cicero
918 3401 999 3453 etiam
1011 3400 1141 3467 significat
1152 3400 1207 3455 XI.
1221 3403 1249 3455 in
1260 3405 1345 3459 Anto·

239 3498 298 3533 rum
310 3479 512 3547 magistratuum
524 3476 621 3543 merlus
636 3476 670 3528 ad
686 3491 776 3543 supre-
812 3478 895 3541 nium,
915 3476 955 3531 his
968 3478 1068 3531 verbis:
1089 3476 1209 3547 Vopiseroe
1226 3498 1256 3533 es
1267 3482 1346 3537 odili-

241 3571 313 3611 mum
324 3571 410 3625 usque
420 3553 500 3607 fuerit
511 3558 628 3618 evectus,
646 3557 674 3605 et
685 3552 776 3605 ‘aetafis
812 3566 862 3610 tare
871 3554 1024 3610 consumtum
1030 3554 1111 3625 petit:
1122 3556 1231 3611 solvatur
1240 3558 1345 3631 legr'bua

241 3653 341 3689 annum
359 3632 590 3703 quadragesimum
607 3632 715 3684 tertium
727 3631 776 3682 im·
812 3635 962 3687 Verisimile
972 3638 1061 3686 autem
1074 3634 1194 3688 additum
1207 3638 1234 3690 iu
1246 3656 1279 3691 ea
1287 3642 1346 3710 lege

241 3714 360 3785 pleverit
375 3715 520 3780 antequam
536 3724 579 3761 res
590 3709 698 3761 bellicus
716 3709 776 3760 atti·
812 3712 846 3765 de
862 3714 1064 3780 magistratuum
1084 3713 1230 3781 intervallo,
1241 3719 1288 3771 sed
1300 3736 1346 3771 ex·

241 3792 330 3859 gisset.
366 3792 436 3845 Cum
454 3788 535 3855 igitur
548 3786 716 3839 falsissimum
733 3788 775 3851 sit,
812 3796 904 3861 ceptus
911 3806 969 3843 esse
978 3807 1147 3861 eos,quorum
1155 3808 1235 3860 opera
1242 3796 1269 3848 in
1278 3797 1351 3851 bello'

241 3873 268 3923 iu
280 3870 367 3923 aetatis
377 3870 440 3921 tiore
450 3866 595 3920 Lucullum
607 3864 686 3917 rebus
701 3864 775 3917 urba·
811 3885 875 3921 usus
884 3874 969 3924 esset:
986 3870 1077 3937 itaquo
1083 3868 1219 3945 munuum
1230 3871 1293 3943 legis
1303 3874 1346 3925 liic

240 3949 280 4001 nis
298 3949 407 4001 omuino
423 3946 548 4009 caruisse,
566 3958 675 3996 necesse
693 3945 775 3997 estin
812 3946 929 4015 appellat
950 3946 1051 3999 Cicero.
1087 3948 1167 4011 Quod
1190 3953 1279 4001 autern
1299 3951 1345 4017 ait,

241 4027 340 4079 mendo
349 4026 446 4077 cubare
457 4039 490 4075 ea
498 4022 635 4077 Ciceronis
645 4022 733 4088 verba,
741 4023 775 4075 de
811 4024 912 4079 licebat:
929 4040 982 4078 non
1002 4026 1063 4079 ideo
1085 4026 1237 4093 abrogatum
1254 4031 1347 4093 posteo

242 4106 340 4176 quibus
352 4102 451 4171 agitur;
468 4118 530 4171 quse
542 4106 632 4155 tamen
642 4101 723 4153 unius
734 4101 776 4153 lit·
811 4106 898 4173 legem
910 4104 990 4171 Syllae
1003 4104 1141 4172 siguificat,
1149 4102 1288 4172 (nauteam
1302 4121 1345 4156 va·

241 4184 333 4236 terulae
345 4180 510 4233 restitutione
528 4180 606 4232 facile
618 4178 705 4230 sanari
715 4170 776 4246 irot-
811 4183 866 4235 lere
877 4182 993 4235 loousex
1003 4182 1058 4237 Xl.
1068 4182 1216 4249 Philippica
1224 4182 1348 4247 proxime

242 4265 311 4314 suut.
354 4259 514 4326 Legeudum
542 4258 612 4310 enim
642 4259 774 4325 suspicor:
812 4262 938 4313 recitatus
954 4260 1068 4327 indicat)
1078 4259 1125 4311 sed
1140 4257 1272 4311 neminem
1288 4259 1346 4327 jam

241 4338 332 4392 claude
343 4336 527 4391 miserebar
536 4336 646 4389 urbanis.
677 4338 776 4389 Sensus
812 4340 853 4391 uti
867 4339 925 4405 ejus
937 4340 1004 4408 legis
1016 4337 1159 4391 beneficio:
1176 4349 1237 4387 curn
1257 4335 1285 4403 ii,
1300 4340 1345 4407 qui

244 4422 291 4480 est,
303 4416 456 4480 Lucullum,
470 4431 524 4484 quo
534 4422 652 4483 tempore
664 4414 740 4468 licuit
750 4415 776 4467 ei
812 4435 859 4488 pro
880 4420 952 4486 Sylla
969 4420 1063 4469 cuntm
1080 4412 1197 4466 Marium
1211 4430 1347 4483 pugnave-

243 4508 290 4560 per
305 4494 411 4561 publica
427 4494 534 4562 negotia
548 4493 575 4545 in
592 4493 658 4545 urbe
669 4493 775 4557 versari,
811 4501 879 4561 rant,
891 4501 938 4550 aut
950 4497 1068 4559 honores,
1080 4494 1137 4561 ipso
1148 4492 1252 4547 vivente
1264 4495 1344 4564 Sylla,

244 4587 297 4623 nou
315 4572 342 4624 in
356 4574 411 4626 loro
424 4576 520 4638 sullam,
531 4573 578 4625 sed
590 4572 669 4624 etiam
681 4573 708 4625 io
720 4585 776 4623 ma·
809 4574 865 4639 jam
878 4576 1018 4641 cepissent,
1037 4576 1083 4623 aut
1098 4573 1153 4625 vita
1164 4576 1348 4634 excessissent,
