3234 5217
543 372 699 433 mimir
719 368 971 437 SECUNDUS.
1237 375 1308 443 717

204 528 312 583 Catonis
320 527 392 583 lacta
400 525 543 587 mentione,
551 524 693 591 colligebat
701 524 740 575 vir
775 522 841 577 nibil
861 521 1030 589 incommodi,
1052 520 1199 577 maximum
1224 526 1307 579 etiam

204 609 306 671 doctus,
325 607 351 659 id
363 604 445 657 abiise
453 602 512 669 jam
523 604 550 654 in
560 601 739 670 proverbium·
775 604 983 656 emolumentum
991 607 1203 669 consequeretur.
1222 602 1308 656 Woi‘·

203 684 322 737 lliebant
338 682 459 736 nonnulli
470 676 659 737 contumeliam
671 680 740 731 bane
775 694 902 735 asuerus.

205 778 271 825 esso,
281 765 309 813 et
320 757 519 829 despectionem
537 759 642 827 collegii
658 762 741 824 augia·
810 759 851 811 Nc
861 760 889 811 ia
900 757 1020 829 Africam
1035 767 1093 810 acta
1103 756 1216 811 manum
1227 769 1310 811 mas·

205 840 273 902 ralis,
285 838 362 905 cujus
373 856 433 907 pars
444 843 502 891 erat
513 838 589 888 Cato.
626 836 670 889 lta
683 852 742 887 sen·
775 834 897 906 mitteret]
915 837 977 889 Non
986 837 1091 897 mirum,
1100 836 1127 887 id
1138 835 1218 887 luisse
1227 838 1309 887 moni·

205 916 302 969 tientes
313 909 425 970 inscitias
438 916 525 982 arguit
535 914 605 966 idem
618 913 744 977 criticus,
776 919 835 966 tum
849 916 882 967 ab
894 914 1044 982 haruspice:
1061 918 1119 966 erat
1133 914 1232 982 quippe
1249 913 1310 965 reli·

205 1010 304 1062 eosque
323 996 390 1047 item
407 1008 507 1055 omnen,
528 992 678 1059 quicunque
696 1006 741 1043 au·
775 991 830 1061 gio,
842 993 929 1060 inquit
939 993 1059 1043 Donatus
1072 993 1099 1043 in
1110 991 1219 1043 Terent,
1230 987 1310 1045 Pbor.

206 1088 298 1137 gurem
311 1072 494 1139 abbatuspiee
508 1082 561 1122 non
579 1069 740 1122 discernunt.
778 1068 830 1137 lV,
841 1074 866 1121 4.
880 1073 923 1122 28.
942 1070 1051 1141 aggredi
1066 1068 1194 1139 negotium
1211 1068 1313 1139 aliquod

193 1151 307 1217 vAperte
327 1150 436 1217 quidem
456 1147 621 1202 discriminat
638 1147 742 1211 Cicero,
777 1145 1071 1199 diebssdeereaeeatibua.
1088 1146 1311 1203 Decrescuntau·

207 1225 497 1281 deNat.Deor.ll.4.
532 1224 685 1278 Naaman
699 1244 744 1278 ao-
780 1228 833 1275 lem
845 1224 996 1293 dicensque
1009 1226 1043 1277 ad
1060 1225 1189 1287 bruniam,
1209 1223 1259 1277 hoc
1271 1230 1313 1277 est
1372 1281 1375 1300 Ι

204 1320 309 1373 mm,
328 1313 362 1357 -et
389 1304 557 1357 ulmeam
584 1301 744 1371 hommensis
779 1300 921 1353 solstitium
932 1302 1079 1354 hibernum.
1112 1301 1205 1353 Videri
1216 1303 1313 1355 mirum

207 1381 376 1452 disciplinam.
411 1383 535 1449 Aug-uses
554 1380 643 1432 sedem
665 1380 744 1433 habe-
779 1384 875 1447 potest,
896 1379 968 1448 quod
991 1378 1102 1431 affirmet
1122 1380 1227 1446 Cicero,
1250 1384 1334 1441 aute,

207 1458 275 1511 bant
288 1459 395 1522 Romae3
412 1458 606 1522 adhibebantur
617 1457 650 1509 ad
658 1460 744 1528 auspi·
779 1456 903 1509 brumam
925 1457 1072 1524 proiectum
1092 1472 1151 1508 esse
1170 1458 1313 1525 Caesarem,

208 1536 259 1599 cia,
274 1526 343 1590 sinc
360 1538 457 1605 quibus
476 1536 541 1589 nibil
560 1536 676 1602 publice,
693 1552 744 1589 nee
779 1535 835 1602 qui,
845 1538 914 1586 testo
926 1532 1023 1599 Hirtio,
1032 1534 1076 1587 D'e
1087 1533 1164 1588 Bello
1174 1534 1238 1603 Afr.
1255 1552 1312 1607 cap.

209 1614 283 1666 domi
294 1630 344 1667 nee
355 1614 464 1667 militiae
471 1614 620 1681 gerebatur.
636 1640 638 1649 ν
654 1612 744 1667 Haru·
779 1616 804 1666 2.
821 1628 917 1666 narem
935 1612 1091 1665 conscendit
1105 1612 1156 1665 vl.
1173 1612 1236 1665 Kal.
1251 1613 1314 1668 Joa.

209 1692 296 1759 apices
308 1692 548 1748 arcessebantutex
560 1690 744 1753 Bedriacum
781 1691 831 1744 hoc
846 1696 888 1742 cst
904 1690 948 1742 die
964 1694 1006 1743 27.
1018 1691 1188 1764 Decembris;
1206 1708 1238 1743 ac
1253 1708 1314 1759 pro-

176 1764 189 1815 s
209 1772 333 1821 evenerat
348 1768 492 1836 quidpiam,
515 1784 567 1835 quo
585 1774 745 1823 tenerentur
779 1770 908 1822 iudenou
919 1772 981 1821 ante
992 1769 1122 1822 brumam.
1156 1761 1265 1823 Nodum
1278 1770 1316 1823 ia·

208 1846 294 1913 plebis
307 1846 397 1899 animi.
427 1846 477 1898 ‘Sic
492 1846 745 1916 lavabantbamspi-
781 1848 832 1899 cile
853 1848 946 1912 solvet,
969 1848 1014 1914 qui
1036 1847 1165 1911 didicerit,
1188 1864 1220 1899 eo
1242 1865 1314 1902 anno

208 1923 285 1975 cibus
296 1934 419 1990 augures,
432 1926 464 1977 ut
475 1922 572 1975 medici
583 1925 744 1978 circulatori·
781 1924 816 1978 U.
829 1925 860 1977 C.
871 1930 931 1978 707.
942 1925 981 1976 ita
990 1925 1071 1977 inisse
1086 1926 1221 1979 turbatam
1238 1926 1316 1979 ratio-

187 2037 191 2048 .
208 2000 268 2065 bus,
289 2005 318 2053 et
338 2001 449 2069 paganis
472 2000 623 2053 ludionibus
643 2008 745 2057 actores
780 2018 842 2055 nem
854 2008 1012 2070 temporum,
1027 2007 1059 2055 ut
1075 2004 1119 2071 qui
1132 2004 1190 2056 dies
1201 2004 1317 2061 debebat

209 2070 312 2134 luibani.
334 2074 745 2147 .Qnidmirum,sieugur'0ato
780 2085 890 2133 octavus
902 2098 959 2133 esse
970 2082 1069 2133 mensis
1080 2081 1211 2146 Octobris,
1223 2099 1316 2137 uume-
1377 2118 1381 2129 ·

208 2156 362 2226 haruspices
371 2159 436 2211 lacit
447 2158 588 2211 ridiculos!
608 2161 727 2213 Olrvnr.
780 2164 881 2211 seretur
893 2159 1048 2211 Decembris
1059 2160 1187 2227 septimus
1204 2165 1233 2212 et
1244 2161 1318 2229 vige·

211 2262 213 2270 v
244 2234 311 2288 Ciam
328 2254 345 2288 o
365 2252 470 2289 summo
492 2232 640 2309 Mnaspiee]
659 2239 746 2303 Quod
781 2238 1318 2306 amus.·Turbati0oisquaefuerintcao-

195 2313 349 2375 ,immolandi
375 2314 517 2385 aufugisset
539 2314 632 2367 -lrosts'm
674 2316 746 2369 Vide
781 2315 1316 2383 sae,quodremedium‚explicateruditc

213 2393 371 2445 Suetonium
377 2392 405 2445 in
414 2392 470 2445 Jul.
480 2408 542 2460 cap.
550 2398 592 2446 59.
611 2395 746 2446 Caeterum
782 2408 816 2444 ae
833 2393 971 2460 perspicue
980 2393 1126 2459 Diosrysius
1138 2395 1274 2462 Petarius,
1286 2397 1318 2449 da

208 2470 319 2534 menda,
329 2471 378 2523 uisi
390 2472 474 2534 lallor,
483 2470 554 2523 bunc
562 2471 698 2523 Ciceronis
710 2472 747 2523 lo·
784 2470 875 2523 Dorta.
885 2469 973 2540 Toup.-
984 2470 1035 2522 IV.
1049 2474 1071 2522 1.
1107 2471 1199 2525 Aaou.

214 2565 279 2601 eum
288 2550 404 2603 obsidet:
417 2550 465 2601 ¹ria
486 2549 556 2601 enirn
573 2554 622 2614 est,
634 2552 747 2611 utam·
817 2549 883 2616 Gap.
893 2553 936 2600 2⁵.
950 2546 1083 2600 Melissae
1094 2548 1193 2600 emole
1202 2586 1209 2601 .
1219 2587 1225 2601 .
1236 2568 1317 2604 xera-

211 2646 283 2681 mem
290 2627 572 2697 dominaremini
579 2629 748 2682 nominenon
782 2635 919 2679 munerata
927 2624 1026 2687 wama]
1047 2625 1108 2678 Lib.
1121 2624 1144 2679 1.
1156 2641 1214 2696 cap.
1225 2631 1317 2693 ll,34,

215 2702 748 2774 prolato,dixeritNoster.Legendumpu-
783 2708 827 2757 44.
851 2704 969 2756 Davis-
1066 2716 1070 2726 ¹

211 2783 715 2853 to,aspurinneluruspiec..8upralib.
724 2783 746 2837 1.
818 2776 1318 2852 Neaposasmeaiatalligare]8imiiire·

190 2892 194 2904 =
213 2868 319 2931 capta
338 2860 748 2930 cirmSpusinnadiceraaimm-
782 2878 814 2913 ro
824 2860 925 2912 ratione
936 2863 1028 2911 contra
1039 2860 1226 2913 Genethliacos
1240 2874 1318 2927 argu·

188 2938 746 3009 adamassemestoousiliumeteitudefioeret.
783 2935 1318 3007 mentatancxtusEmpiriousaanaf

212 3019 415 3072 Adi-Valerium
426 3017 580 3071 Maximum
594 3018 747 3087 lib-Leup.
781 3014 866 3067 tbem.
877 3015 922 3068 lib.
934 3014 969 3067 V.
983 3015 1004 3081 ξ.
1015 3018 1057 3068 47.
1092 3016 1176 3069 lucif.
1237 3035 1242 3047 ·

212 3100 241 3161 ,6,
254 3102 294 3150 13.
305 3096 351 3148 lib.
363 3095 445 3151 vni.
457 3111 517 3163 cap.
530 3100 570 3161 ll,
581 3100 606 3147 2
616 3100 644 3147 et
653 3097 747 3149 Sueto·
784 3122 787 3135 ·
818 3094 883 3161 Cap.
896 3097 938 3146 26.
955 3092 1142 3163 Nonnunquam
1152 3092 1231 3146 etiam
1240 3110 1318 3147 em·

214 3175 290 3227 nium
308 3172 403 3225 indul.
417 3188 475 3240 cap.
493 3177 536 3227 ai.
571 3174 670 3227 Similis
685 3175 747 3243 ‘qui-
782 3181 913 3225 remcrcot
923 3170 1071 3236 artabasdo]
1082 3172 1118 3226 D.
1128 3173 1224 3225 Lamb.
1233 3172 1318 3225 tribus

212 3252 278 3303 dem
286 3249 382 3303 duetus
390 3255 431 3301 est
438 3250 581 3314 literarum,
587 3253 748 3321 nominaque
782 3249 887 3302 voculis
902 3249 1009 3311 additis,
1026 3250 1225 3302 rescribendum
1241 3254 1318 3318 puta·

216 3326 746 3397 propuacrebro'tsmesaruntiibrarii.lc.
783 3328 838 3380 but·
852 3337 877 3380 et
896 3327 926 3379 s'a
959 3325 1048 3396 quobus
1072 3346 1265 3397 maenubam,-
1290 3332 1319 3381 at

147 3466 148 3474 χ
214 3406 282 3457 Non
290 3403 425 3467 satisfacit,
435 3406 504 3471 qnod
515 3406 603 3463 scribit
612 3408 649 3460 vir
658 3409 749 3461 lauda·
781 3401 809 3459 al·
819 3406 863 3459 M:
875 3404 961 3457 Bruto
972 3406 1104 3474 placebat,
1119 3405 1319 3461 alrammus-

217 3490 262 3538 tus
273 3484 317 3539 vix
326 3499 392 3545 esse,
399 3488 431 3533 ut
438 3482 581 3550 haruspicis
591 3488 685 3539 summi
694 3502 749 3540 me-
784 3484 945 3555 pometiam
953 3502 1068 3537 morem
1080 3494 1153 3539 creet
1171 3484 1324 3544 maldam.

129 3574 134 3585 ’
211 3562 466 3624 ualuissetTulliua,
485 3550 536 3613 nisi
552 3565 659 3617 nomine
678 3566 749 3619 illius
783 3564 897 3628 Verum,
911 3565 976 3614 uota
993 3563 1179 3629 parentheseos
1189 3566 1320 3633 apposita,

115 3686 117 3692 .
217 3640 353 3713 appositos
370 3656 433 3693 uam
455 3639 599 3707 haruspicis
615 3642 686 3695 illius
703 3658 750 3695 no·
783 3643 858 3709 quod
868 3640 1007 3709 nnsprimi
1017 3640 1136 3707 lecimus,
1147 3642 1257 3695 neeboc
1269 3658 1321 3696 nec

216 3719 354 3772 ineuntis
370 3718 475 3770 celebre
491 3722 557 3781 erat,
570 3718 688 3787 ideoque
697 3736 749 3773 non
784 3718 1321 3774 illudadditamentumesseueeessarium
1434 3774 1439 3781 ,

194 3855 196 3862 ,
217 3800 359 3866 oporteret
375 3812 424 3847 our
440 3811 531 3863 coram
545 3795 647 3859 Quinto
664 3798 751 3864 expri-
785 3799 869 3865 patet.
891 3796 1007 3850 -Davra

212 3879 303 3931 smeret
319 3875 384 3928 illud
394 3874 508 3937 Tullius,
527 3876 672 3942 pmsemnn
689 3890 751 3928 curu
821 3877 925 3947 Magna
943 3872 1051 3928 araddio
1066 3885 1104 3929 eat
1119 3894 1207 3929 canoa
1221 3876 1321 3948 reram]

118 4020 120 4025 Ι
212 3958 280 4007 aute
294 3952 352 4019 jam
374 3953 430 4020 ipso
449 3952 568 4017 Quintus
586 3951 751 4021 bamspieem
786 3953 941 4017 Quirocesu
950 3953 1255 4008 similitudoroluntesse
1263 3972 1323 4007 seu·

213 4031 327 4085 nomine
337 4030 519 4097 significasset.
542 4030 657 4084 Accedit
668 4047 752 4099 porro,
787 4033 881 4085 tentiae
898 4033 1054 4098 clausulam,
1074 4038 1103 4084 et
1119 4049 1136 4085 a
1151 4048 1218 4085 voce
1228 4048 1322 4102 mgna

219 4111 292 4181 quod
311 4124 366 4161 vox
381 4126 477 4161 aarum
497 4110 557 4163 huie
573 4108 635 4163 loeo
648 4110 752 4178 egregie
785 4127 865 4164 norae
877 4112 1019 4164 sentcntiae
1030 4112 1137 4164 initium
1145 4112 1221 4173 duci,
1234 4127 1277 4163 nae
1284 4112 1324 4165 illi

219 4188 371 4249 conveniam
393 4188 491 4255 quippe
510 4204 570 4256 quae
589 4202 627 4239 eo*
641 4193 753 4256 spectat,
787 4189 867 4244 valde
878 4189 999 4254 delirant,
1011 4195 1039 4241 et
1049 4189 1129 4243 simul
1145 4188 1224 4255 plesse
1235 4189 1324 4244 decla·

213 4264 588 4333 .utbaruspieinecvanitutem
606 4282 639 4317 ee
657 4266 754 4334 signifi·
788 4273 850 4326 rant
866 4267 1137 4321 scLatinisermonis
1151 4281 1209 4317 esse
1219 4267 1325 4332 ignarus
1382 4315 1390 4321 .

217 4345 325 4397 cantius
334 4342 560 4410 exprimat;quod
569 4345 692 4397 nimirum
701 4362 753 4397 nou
784 4345 1024 4415 atqneimperitos.
1053 4341 1273 4410 Hicenimordo,
1285 4351 1325 4399 at-

215 4421 256 4473 de
267 4421 342 4473 triuio
354 4424 459 4474 tautum
471 4419 632 4486 haruspices,
648 4424 696 4474 sed
711 4438 755 4474 co·
785 4440 845 4493 oue
866 4423 925 4475 haee
946 4422 1078 4474 sententie
1103 4420 1243 4473 verborum
1268 4429 1325 4491 est3

223 4514 282 4551 sinn
293 4498 398 4564 quidem
410 4498 510 4551 summi
525 4498 591 4550 falsa
610 4505 756 4563 monerent,
785 4500 1068 4570 magna'stullitiaest,
1078 4500 1143 4550 deos
1154 4499 1314 4557 tacereeuee

214 4575 455 4647 praedicantesque
462 4577 503 4631 sie
513 4576 716 4645 negligerentur,
727 4582 757 4631 ut
793 4586 866 4634 toros
885 4593 976 4632 earum
1003 4592 1107 4645 rernm,
1122 4592 1327 4645 usqua-causas
1351 4585 1358 4610 ‘
