3234 5217
561 299 711 378 niens
736 302 962 372 orturus.
1243 300 1320 371 1161

213 454 325 519 ¹tissirne,
332 454 364 506 nt
370 455 401 505 st
408 449 522 505 Grutero
533 448 676 510 visumest
694 447 749 502 De·
785 452 820 503 ad
831 453 943 507 oaeteros
960 448 1067 503 codices
1080 448 1186 517 propius
1201 436 1317 504 secedit
1334 518 1336 523 .

213 542 282 585 certo
299 530 369 583 enim
387 533 415 582 et
429 523 567 590 derelicto,
582 527 621 580 itii
631 526 750 595 proiecto
784 528 882 581 Adbuc
898 532 989 581 temen
1004 528 1148 581 haeremusr
1165 526 1230 596 quid
1247 528 1318 581 enim

216 625 282 678 cpns
292 613 334 663 est
345 609 473 661 advocato
483 610 512 673 et
528 609 647 673 patrono.
684 603 750 657 ideo
784 606 836 659 sibi
848 608 904 665 vult
921 624 1007 661 eorum
1023 606 1160 659 besorum?
1185 606 1318 669 Quaenam

216 692 307 743 sutem
329 686 479 741 Carneades
499 685 619 747 docemus,
641 682 751 751 quiuis
782 700 819 740 eu
840 688 912 751 sunt,
932 684 1058 743 obsecrat
1079 684 1223 737 nonenim
1243 684 1319 739 dicit.

216 781 294 819 novae
321 762 477 827 Academiae
504 764 627 832 princeps
651 776 751 829 paucos
786 762 863 829 Lege
879 780 942 817 vero
959 766 1045 815 totum
1062 762 1165 817 locum:
1186 760 1268 815 Neara
1281 772 1321 815 est

216 841 311 905 babuit
324 843 485 894 sectatores:
503 838 579 906 cujus
596 846 686 891 tamen
698 838 752 889 dis-
787 841 862 904 euim,
874 842 938 909 quin
950 856 1071 893 verorum
1082 839 1201 893 iocorum
1209 840 1321 893 acimum

216 918 345 986 ,cipiinam
363 918 459 971 Cicero
475 917 533 986 ipse
550 915 623 984 apud
641 915 752 967 Latinos
783 926 858 989 putet
866 935 917 971 esse
919 918 1050 989 judicem5
1067 934 1168 987 eumque
1179 916 1322 988 emunaeta-
1347 920 1353 939 '

218 996 390 1049 instaurabat.
412 995 511 1048 Noster
533 993 567 1045 dc
586 992 650 1045 Nat.
668 990 751 1044 Deor.
789 996 848 1058 ciat,
858 1005 887 1049 ut
897 1014 990 1065 euque
1005 994 1321 1057 mammutium

217 1074 241 1127 l.
252 1080 279 1128 3.
297 1073 393 1127 Multis
410 1073 486 1125 etiam
504 1070 570 1124 aeusi
584 1066 699 1125 mirabile
717 1069 754 1120 oi-
784 1073 867 1143 poerit
878 1082 1041 1127 contemnere.
1058 1072 1143 1125 Vides
1153 1072 1211 1138 jam
1222 1074 1323 1127 cleram

217 1153 282 1216 deri,
292 1170 347 1205 eam
361 1151 432 1203 uobis
443 1150 604 1219 potissimum
619 1145 754 1217 probatam
789 1151 983 1218 oppositionem
994 1151 1051 1203 fieri
1060 1151 1128 1202 inter
1137 1168 1195 1203 cera
1211 1150 1282 1214 dcem,
1292 1156 1322 1205 ot

214 1248 269 1283 esse
275 1228 468 1301 philosophiam,
478 1245 534 1297 pm
550 1226 629 1279 lucem
639 1225 754 1294 eriperet,
789 1245 846 1297 qam
856 1226 920 1280 ioue
936 1228 1084 1281 uideamur:
1101 1243 1182 1295 quem
1200 1229 1222 1281 si
1236 1230 1322 1292 toties,

218 1316 243 1359 et
254 1308 336 1375 quasi
341 1314 437 1358 necteres
446 1302 659 1374 quaadamrebua
670 1301 754 1374 αθιαι-
790 1310 915 1361 eteorum
926 1320 988 1362 cum
1002 1306 1082 1372 vulgo
1093 1306 1175 1371 legas,
1190 1306 1254 1359 nihil
1263 1322 1323 1360 cru

219 1385 306 1445 deren
324 1384 491 1459 desertaeque
500 1381 638 1452 decrepitum
655 1400 685 1433 cc
695 1380 755 1451 jam
790 1386 851 1439 dius
852 1382 1234 1451 ,iaxinsditutiusdicipotest
1242 1400 1323 1451 quam

212 1453 320 1534 'pridem
330 1461 425 1514 relicte
432 1460 600 1532 patrocinium
608 1476 655 1514 mee
669 1459 756 1528 epina-
790 1463 857 1515 iiiud
867 1470 1021 1530 contemnere
1038 1478 1093 1531 que
1107 1461 1170 1513 ioca
1184 1461 1322 1567 uideamur.

221 1540 567 1609 tumaricbisectsurccptmm
584 1537 755 1602 Quibushaeo
790 1541 878 1596 Innu.
1342 1565 1348 1570 ·

220 1619 409 1699 objicientibus
430 1618 469 1671 ita
490 1616 626 1685 respondit
647 1633 705 1685 cap.
727 1620 754 1669 5.
826 1618 1038 1683 Nemoesteoim,
1048 1617 1324 1685 quieorumbcaorum

219 1698 274 1752 Nec
291 1714 349 1749 cera
375 1696 542 1750 desertarum
564 1691 756 1763 relictarumque
790 1696 902 1750 animum
910 1706 1044 1767 putetecse
1053 1686 1180 1767 judicem]
1201 1696 1269 1749 Haec
1286 1698 1325 1749 ita

218 1770 484 1843 rerumpatrcciuium
498 1771 656 1859 suscepimus.
691 1771 756 1827 Hae
792 1772 1239 1843 iaudetNoniusincondocefacerc,
1248 1776 1326 1827 etita

219 1853 286 1905 euim
303 1851 331 1903 iu
346 1848 507 1920 philosophia
523 1848 589 1901 ratio
606 1847 724 1918 profecta
739 1867 757 1901 a
791 1853 977 1919 dantvnigati.
1006 1852 1059 1904 Sed
1076 1852 1146 1911 itlius
1161 1851 1326 1905 etcodicnm

219 1928 334 1993 Socrate,
345 1927 452 1996 repetita
467 1925 499 1979 ab
519 1926 644 1991 Arcesila,
664 1927 756 1996 conflr—
791 1930 935 1985 auctoritas
946 1946 998 1982 non
1010 1929 1080 1994 facit,
1091 1934 1122 1981 ut
1135 1930 1263 1982 mendosa
1270 1944 1325 1983 nou

219 2016 289 2066 mata
306 2025 323 2058 a
333 2005 488 2069 ¹Carneade,
503 2022 581 2074 usqree
596 2004 632 2057 ud
644 2014 757 2058 omtram
792 2024 850 2061 esse
862 2007 975 2072 credam,
988 2024 1050 2067 cum
1061 2009 1198 2075 rei‚r1uum
1214 2008 1271 2059 vuit
1281 2008 1327 2061 ci-
1376 2010 1378 2014 ’

218 2084 303 2155 riguit
319 2092 416 2136 atatem
424 2102 434 2143 ,·
452 2100 527 2151 quam
544 2099 612 2135 uuuc
624 2098 757 2151 propemo-
792 2100 863 2149 cerc,
881 2084 959 2151 plene
974 2088 1130 2152 repugnent.
1159 2084 1187 2137 Si
1198 2085 1269 2137 enim
1281 2085 1327 2147 ¹³⁰?

223 2165 283 2216 dum
295 2163 386 2215 orbam
397 2178 448 2213 ecee
465 2161 493 2212 ιἰι
508 2159 563 2230 ipsa
575 2160 676 2212 Grecia
686 2158 759 2213 iutel-
793 2178 888 2218 norum
901 2163 1018 2215 animum
1030 2178 1084 2215 non
1099 2166 1195 2230 putant
1212 2178 1269 2215 esse
1283 2161 1329 2228 jn·

222 2240 296 2310 ligo:
319 2240 385 2307 qaod
401 2256 451 2289 acu
468 2236 613 2293 Academia
631 2236 760 2307 vitiared
794 2240 900 2303 dicem;
918 2256 965 2293 cur
987 2256 1057 2302 eum,
1079 2255 1180 2307 quaeso‚
1202 2255 1243 2305 ea,
1265 2256 1327 2308 qum

223 2316 343 2371 tarditate
353 2314 481 2367 hminum
494 2314 607 2365 arbitror
617 2314 757 2383 cmurgisse.
794 2318 866 2369 bona
883 2320 986 2370 malave
997 2318 1142 2378 videantur,
1155 2317 1254 2371 docent
1266 2334 1330 2371 con-

225 2393 762 2461 Hocprimumznametrestataiterum,·
795 2393 1329 2462 temneretIdsiditLambinus,adeoque
1360 2446 1375 2461 ,¹
1436 2404 1451 2430 ³

226 2472 299 2541 quod
310 2475 338 2523 et
350 2486 412 2523 vero
424 2470 540 2538 propius,
551 2473 578 2520 et
589 2469 650 2521 huic
666 2464 704 2521 rei
716 2486 760 2523 ac·
795 2473 938 2542 tegitsquiu
947 2488 1033 2525 eorum
1043 2472 1172 2524 bonorum.
1190 2472 1329 2531 Cicutam

224 2547 426 2603 commodatius.
463 2544 600 2600 Desertum
617 2547 698 2613 igitur
715 2564 760 2600 ac·
796 2548 1119 2618 Benticiusreponitquiu
1130 2566 1246 2602 cerarum
1256 2550 1330 2605 toea

224 2628 293 2694 cipe,
304 2625 339 2677 ob
350 2624 509 2677 sententiam
521 2625 555 2675 de
566 2637 670 2676 summo
680 2624 759 2690 bono,
795 2645 861 2681 rum.
879 2628 938 2694 Ego
947 2643 1010 2680 sane
1019 2631 1104 2681 totum
1114 2626 1203 2679 iocum
1213 2626 1331 2684 sicresti-

225 2720 308 2775 quane
324 2704 346 2755 is
364 2702 464 2771 primus
480 2702 636 2767 introdusit,
654 2705 682 2755 et
699 2707 760 2771 post
796 2704 925 2760 tuendum
937 2710 1011 2772 puto,
1021 2721 1092 2757 nemo
1103 2714 1138 2757 est
1151 2703 1217 2757 mim
1228 2716 1330 2771 eorum,

225 2798 287 2838 cum
299 2797 379 2834 nemo
390 2784 433 2836 est
453 2783 569 2845 secutus,
581 2797 704 2833 mmmmm
718 2781 760 2835 io·
796 2781 843 2849 qui
860 2781 980 2834 bonorum
995 2782 1105 2834 animum
1122 2796 1176 2833 non
1188 2791 1262 2851 putet
1278 2800 1330 2835 esee

225 2878 286 2913 ιιιιιιι
300 2877 360 2923 esee,
368 2858 478 2927 sruiiia'
497 2858 569 2912 rebus
582 2876 645 2927 quae
660 2860 760 2929 primae
788 2858 911 2929 judicem.
941 2860 1100 2915 Posticulum
1113 2866 1255 2927 negantem
1267 2877 1330 2928 sup-

224 2948 318 2991 eratura
334 2936 516 2990 conciliamini.
539 2935 611 2989 Vide
628 2937 758 2993 Academ.
794 2936 924 3003 peditavit
937 2938 1036 2990 Etiens.
1049 2953 1101 2990 seo.
1115 2937 1216 2991 Levem
1227 2939 1330 2991 vercil-

224 3016 276 3071 lv.
296 3015 377 3081 Huic,
387 3014 506 3084 inquam,
522 3016 661 3067 sententiae
680 3030 759 3069 nemo
794 3013 848 3065 lam
864 3015 1093 3083 transpositionem
1104 3014 1213 3067 fecimus
1223 3016 1329 3082 conjec-

224 3094 260 3151 eb
271 3094 329 3159 ejus
339 3093 413 3147 obitu
425 3092 606 3160 patrocinatus
614 3096 662 3147 eet.
680 3092 759 3145 Unde
795 3091 1076 3156 turairetieetamen,
1085 3100 1175 3161 quam,
1186 3093 1329 3163 niusaltos,
1425 3166 1428 3173 Ι

225 3172 326 3225 Noster
336 3172 369 3223 de
380 3170 468 3223 Finib.
481 3170 532 3227 IV.
545 3174 585 3226 18.
605 3171 665 3223 loco
681 3170 760 3237 hujus
794 3168 878 3227 Tuttii
888 3185 963 3221 mens
974 3171 1108 3237 efflagitat.
1144 3170 1244 3225 Devts.

227 3249 368 3312 simillimo,
378 3248 448 3307 Quid
457 3265 539 3302 omues
554 3265 595 3304 eoa
612 3267 663 3302 esre
670 3248 760 3319 factu·
814 3248 986 3317 Maximisque
992 3247 1118 3301 doloribus
1125 3247 1329 3321 effictoremup-
1387 3291 1391 3295 -

227 3326 280 3395 ros,
298 3326 341 3397 qui
359 3326 458 3379 omuino
476 3326 594 3381 virtutem
609 3346 625 3382 u
641 3328 761 3381 beatarum
795 3343 836 3378 scs
846 3326 1002 3379 inserueram
1011 3344 1112 3381 macrum
1125 3327 1244 3380 memma
1255 3338 1280 3381 et
1290 3346 1330 3381 re-

219 3406 490 3477 fiueregregaoeruat,
500 3404 650 3474 Epicurum,
666 3405 761 3459 Hiero·
796 3405 939 3464 cordatione
948 3402 1078 3476 confutat]
1097 3406 1333 3475 Yixdubithuin

228 3502 339 3556 symma,
348 3481 494 3545 illocetiam,
503 3482 524 3533 si
533 3483 579 3548 qui
590 3482 761 3536 Carneadeum
797 3486 826 3533 et
836 3484 884 3535 tibi
893 3488 920 3535 et
929 3484 1032 3537 caeteris
1042 3484 1187 3537 editoribus
1197 3483 1288 3539 durius
1299 3486 1330 3539 11-

220 3558 489 3649 fiuemtreeriocluuti
506 3558 591 3613 Etll.
604 3564 645 3613 12.
664 3558 762 3630 11111ιὲ-
797 3561 844 3617 lud
864 3562 948 3614 visum
964 3562 1007 3625 sit,
1023 3560 1138 3631 causatur
1153 3561 1264 3617 delores:
1282 3562 1329 3617 sed

229 3638 357 3711 teretium
366 3636 528 3697 canwatc·
542 3635 762 3691 meultadeeum-
799 3655 860 3691 cum
873 3640 1023 3693 emendatro
1032 3655 1086 3691 uon
1096 3644 1241 3706 succurret
1252 3642 1333 3695 silcn

142 3720 156 3743 ·
229 3704 342 3774 nobem
359 3716 434 3780 ratic,
444 3711 639 3784 autumaremus,
655 3731 706 3767 ocu
719 3716 783 3776 da-
799 3717 839 3769 tro
848 3720 1031 3771 transmissum
1049 3722 1099 3771 est.
1125 3718 1190 3773 Scio
1205 3720 1330 3809 equidem

229 3797 321 3859 teredine
337 3794 477 3867 particeps,
499 3801 544 3846 aret
564 3791 700 3844 imumatie
722 3810 764 3845 eu-
793 3795 851 3849 boc
870 3796 1022 3851 defensores
1038 3812 1099 3849 suos
1114 3796 1263 3849 habiturum
1265 3797 1332 3865 ‚qui
1371 3831 1373 3841 ι

226 3892 288 3945 pere
301 3872 456 3945 probabitur.
490 3872 695 3939 Sedpergamus
706 3869 763 3937 jam
800 3872 1182 3943 omuiarectaprasaqneein
1195 3874 1332 3927 codicibus
1381 3942 1383 3947 ι

231 3954 264 4007 ad
273 3952 382 4021 reliqua.
406 3950 451 4001 Tu
462 3966 497 4003 cx
508 3948 610 4020 optimo
618 3951 666 4001 tuo
674 3965 764 4002 exem·
800 3950 926 4017 seruntur,
934 3952 994 4005 albo
1006 3954 1109 4005 calculo
1116 3951 1284 4019 comprobare
1292 3966 1335 4003 so-

232 4030 301 4102 pleri
317 4045 369 4081 acu
385 4027 530 4090 inseruisti;
548 4027 681 4083 sententia
693 4027 764 4082 enim
800 4032 869 4087 lent:
888 4030 934 4081 sed
944 4031 987 4081 cui
996 4029 1134 4083 indoleret
1143 4044 1220 4096 sapor
1228 4027 1333 4085 Cicero·

231 4108 386 4176 negativum
397 4105 489 4173 exigit.
515 4104 586 4160 Illud
597 4108 688 4157 tamon
704 4120 764 4158 meo
801 4108 874 4159 niani
884 4107 1012 4162 sermonis
1024 4107 1146 4174 cognitus
1163 4109 1214 4169 est,
1226 4104 1280 4156 ‘boo
1298 4106 1334 4158 ab

232 4186 341 4255 quidem
348 4183 459 4250 judicic,
471 4184 505 4237 ab
513 4182 698 4251 interpolatore
707 4182 765 4251 nasi
801 4186 872 4237 iliius
883 4200 962 4237 manu
973 4200 1030 4242 esse
1041 4199 1094 4235 nou
1103 4182 1152 4237 nisi
1161 4182 1334 4235 invitissimus

233 4263 376 4331 sagacioris
390 4261 537 4329 proiectum
556 4265 611 4323 est;
628 4261 673 4330 qui
693 4262 765 4329 qnod
800 4262 934 4316 fatebitur.
952 4262 1100 4315 Videamus
1111 4260 1205 4313 Graeoa
1214 4259 1334 4327 Epicuri,

229 4340 378 4393 ‘sententiae
385 4340 477 4391 deesse
490 4339 601 4404 viderat,
611 4338 645 4390 de
656 4354 705 4391 suc
717 4338 766 4392 im·
803 4340 837 4393 ed
857 4356 916 4407 qnae
936 4339 979 4392 bio
999 4337 1108 4391 alludit:
1127 4337 1335 4403 ’aversanam

234 4416 351 4486 perfiitii.
377 4416 449 4487 Ergo
465 4417 554 4486 piacet
568 4416 693 4470 Lambini
704 4431 767 4468 con·
803 4416 989 4477 circumrotari
1004 4418 1062 4467 uaris
1082 4413 1152 4477 ψυχὴν
1168 4416 1242 4478 χαῖρον
1255 4414 1336 4480 iniri

230 4495 500 4571 jepiltruqttim,quud
511 4494 619 4549 tetidem
637 4493 724 4560 efficii,
739 4499 767 4550 ei
804 4502 844 4553 ,τῖιι
852 4496 1162 4560 γιγιιότανῇμῖιδιαλιγισμῶι
1167 4496 1249 4565 μιξιμῃ.
1262 4492 1335 4557 Quid
