3234 5217
587 327 731 412 urana
758 359 940 418 rninus
1098 428 1107 437 ,
1254 363 1321 431 791

215 504 377 571 chrysippus
387 504 432 557 lib.
443 504 468 555 Ι.
478 504 512 555 de
521 502 644 571 justitia:
663 508 696 555 tra
711 512 752 557 eor
788 506 864 559 terim
874 505 1322 581 urbsrmoriticniduuliaotqueaiia

214 579 454 645 marsuppio-r
469 582 487 629 i·
501 582 571 629 ineat
586 582 752 643 vandram
787 584 924 657 oppetendo
941 582 1004 638 oea.
1040 586 1130 649 Qnein
1151 589 1223 641 verbi
1243 590 1323 658 hujus

214 661 295 717 ἰα’νηις
303 663 415 725 mpura,
424 658 488 710 iero
502 661 719 726 icsxepomim
729 680 752 708 e
788 662 979 729 proprietatem
999 663 1046 731 qui
1061 663 1223 731 ignorarunt,
1234 668 1323 721 locunt

215 748 284 793 matr.
302 742 421 795 Moriar.
441 741 760 802 srdvidoGrotiumlib,
788 745 967 807 corruperant
1002 740 1065 793 Hoc
1078 742 1149 796 enim
1161 742 1323 811 vdltdicere‚

214 819 253 871 11.
265 821 300 872 de
312 820 374 887 jure
391 821 455 874 balli
470 824 498 873 et
508 820 582 889 pacis
593 837 617 873 c.
633 824 657 873 l.
694 821 752 873 Nec
788 820 952 886 excoqued
964 819 1325 893 alteriussit,nemiuemap-

214 902 305 951 temen
315 915 350 951 ex
362 899 511 951 Stoicorum
520 898 619 951 schola
646 899 752 952 Horum
789 900 880 963 petere
892 896 1147 967 sineinjuriaposse.
1184 899 1344 969 Nemplns¹

215 976 287 1028 enim
298 979 394 1030 scitam
404 982 447 1030 est
456 970 663 1030 neminem‘laedi
673 977 752 1029 nisis
790 976 868 1038 velle,
879 976 995 1042 vel'plus
1006 992 1224 1045 quaerere,quom
1242 980 1326 1046 poesi·

216 1054 318 1122 seipso.
338 1056 401 1109 Non
408 1058 498 1123 potest
504 1070 569 1121 ergo
580 1056 686 1122 sapiens
694 1053 753 1108 St'o-
790 1051 864 1115 deas,
876 1060 929 1104 cur'
943 1053 978 1105 sit
993 1052 1132 1119 injustum,
1145 1059 1211 1109 dum
1231 1056 1258 1108 id
1278 1056 1326 1108 dat

215 1125 274 1184 icus
285 1135 379 1186 lacessi
390 1134 496 1199 injuria,
508 1136 557 1184 aut
570 1132 626 1184 nlla
644 1133 753 1185 alterius
789 1129 892 1199 absque
904 1130 1061 1185 dolomaloi
1077 1137 1108 1183 ut
1127 1136 1192 1200 putu
1210 1149 1326 1202 occupe-

215 1209 313 1275 injuria
323 1212 423 1279 impelli
430 1211 464 1263 ed
475 1211 500 1263 ei
512 1211 675 1263 nocendum.
699 1212 751 1262 Sed
789 1207 864 1259 tione
883 1210 970 1271 raoni,
987 1208 1060 1274 justo
1079 1210 1157 1273 bello,
1169 1212 1254 1263 aliove
1273 1228 1326 1281 qao

216 1288 276 1339 haec
292 1290 371 1341 scribi
389 1289 551 1358 proecipique
563 1304 617 1339 non
630 1290 752 1356 sepienti·
789 1300 844 1337 non
854 1286 1053 1353 illicitopaetoi
1086 1287 1257 1341 Csn.1nno.

219 1366 278 1428 bns,
301 1368 349 1419 sed
366 1369 429 1420 viris
446 1368 524 1420 bonis
544 1367 665 1433 superins
685 1368 754 1420 dixit
825 1362 1011 1426 Tumortibua]
1029 1364 1120 1432 Vulgo
1138 1366 1252 1420 editores
1273 1384 1326 1421 uon

218 1443 333 1498 Tullius,
346 1489 348 1492 ,
361 1447 493 1498 Propterea
503 1444 572 1508 haeo,
583 1446 706 1497 lacessito
714 1446 753 1497 in.
790 1439 970 1508 intelligentes
981 1442 1034 1495 vim
1045 1443 1183 1511 particulae
1193 1454 1254 1509 tum,
1265 1461 1326 1514 ane

114 1583 118 1598 ι
215 1521 289 1587 juria
299 1523 438 1575 lacessenti
447 1522 669 1585 nocerelasesse,
677 1523 753 1575 intel·
790 1517 911 1571 lroclooo
919 1518 1115 1585 conjunctionis
1123 1536 1234 1575 munere
1242 1523 1328 1592 fungi·

220 1598 327 1667 figenda
338 1606 408 1664 mm,
418 1602 453 1652 de
462 1600 631 1668 mfi0n2‚.qua
641 1615 696 1653 „011
707 1603 755 1654 aij.
791 1600 844 1660 tur,
857 1612 915 1648 eam
927 1597 1058 1651 iterarunt
1067 1598 1095 1649 in
1116 1599 1220 1652 duobus
1239 1602 1329 1656 incisis

176 1717 180 1737 ,
219 1682 260 1731 ter
277 1684 389 1746 possunt
411 1695 499 1731 arcere
516 1678 648 1745 injuriam.
683 1679 753 1732 Num
791 1666 853 1741 'quae
865 1678 1020 1743 sequuntur.
1056 1676 1124 1730 Fac.
1251 1680 1259 1711 l

219 1756 373 1820 incivitate,
385 1756 571 1824 ubijarelicet
583 1772 677 1824 agere:
690 1758 755 1825 legi·
794 1760 797 1763 ’
826 1751 855 1803 T
851 1762 936 1805 omest
946 1754 974 1805 in
983 1754 1056 1822 citio]
1075 1754 1130 1808 Hic
1139 1755 1234 1809 Cicero
1242 1774 1328 1827 repre·

220 1833 270 1884 bns
290 1838 318 1885 et
331 1832 418 1899 judici
438 1851 480 1886 res
495 1834 690 1887 committenda
705 1839 754 1904 est,
792 1831 919 1883 henditur
927 1836 954 1885 et
961 1834 1055 1885 erroris
1064 1836 1269 1904 arguitur‚quod
1277 1841 1328 1891 tra·

218 1910 427 1977 quiinterentem
433 1910 558 1977 injurium
566 1913 668 1979 puniat
678 1912 754 1966 Gne
792 1909 839 1961 dat
847 1925 920 1973 eum,
930 1910 977 1977 qui
989 1926 1041 1962 non
1049 1910 1184 1982 defendat,
1196 1914 1219 1965 si
1237 1914 1329 1981 possit,

255 1988 478 2052 Utcommsmiius]
497 1990 568 2041 Vide
588 2006 669 2059 quarn
683 1993 754 2044 varie
791 1987 934 2051 insontem,
946 1988 991 2040 cui
1002 1989 1102 2055 injurie
1117 1992 1155 2054 iit,
1174 2007 1253 2059 seque
1268 2008 1328 2061 gra-

219 2068 372 2120 communia
389 2068 603 2145 dicanturquam
619 2069 756 2135 eleganter
792 2066 861 2137 viter
871 2081 992 2134 peccare,
1004 2068 1066 2119 acsi
1074 2073 1219 2136 parentem,
1227 2074 1273 2121 ant
1284 2087 1330 2139 pa-

220 2144 337 2211 explicet
347 2146 451 2199 Seneca
465 2146 511 2199 lib.
519 2146 588 2199 Vll.
607 2146 641 2197 de
660 2146 754 2199 Benel.
792 2142 869 2196 triam
882 2144 995 2209 deserat,
1005 2150 1169 2215 putaturque
1178 2148 1329 2203 stoicorum

222 2236 280 2289 cap.
295 2227 336 2276 12.
371 2223 457 2277 loru.
709 2236 713 2247 ·
792 2220 1330 2293 placito,peccntaesseeequelia,inhune

255 2299 311 2353 Aac
321 2299 756 2373 iege‚paetione,eonditione,scrte]
794 2312 909 2351 errorem
928 2300 1062 2353 incidisse.
1097 2302 1148 2354 Sed
1162 2303 1208 2371 qui
1220 2305 1258 2356 sio
1270 2322 1331 2358 sen·

223 2378 511 2448 Proprietatemqnaeri
521 2381 697 2443 Cicerodicit,
710 2385 758 2433 aut
794 2376 874 2443 tiu‘nt,
885 2378 935 2445 ipsi
947 2379 1081 2433 falluntur.
1118 2380 1180 2433 Non
1197 2384 1269 2435 enirn
1286 2384 1332 2436 ci-

223 2454 382 2510 cenditionis
393 2458 461 2525 lega,
473 2463 521 2511 aut
531 2460 653 2528 pactione
668 2459 759 2527 aliqua
795 2470 858 2508 cero
872 2456 938 2508 dicit
948 2458 1149 2524 aequsgraviter
1159 2475 1270 2527 peceare
1285 2463 1332 2530 qui

221 2537 252 2583 et
267 2537 421 2589 contractu:
451 2536 532 2588 etiarn
554 2537 759 2600 conditionesi
795 2533 931 2585 hominem
945 2549 998 2585 non
1017 2534 1334 2605 defendataosiparen·

209 2605 288 2677 v(naid
307 2612 408 2676 feceris,
430 2618 478 2667 aut
496 2614 608 2679 dederis,
624 2617 758 2668 interdum
797 2617 852 2665 tem
864 2628 919 2665 non
929 2611 1062 2676 deiendet,
1077 2615 1123 2666 sed
1135 2630 1214 2683 aeque
1223 2630 1335 2683 peccare

223 2690 370 2743 dominium
379 2693 530 2759 acquiritur,
542 2708 607 2745 cum
614 2694 654 2745 ita
664 2708 761 2745 eonve-
797 2691 826 2742 in
835 2691 976 2758 justitiam,
996 2691 1043 2758 qui
1054 2691 1177 2757 injuriam
1191 2709 1336 2761 squecun-

225 2768 279 2821 nit:
298 2773 431 2837 postremo
450 2774 528 2835 sorte,
547 2772 627 2823 utin
650 2770 762 2823 coloniis
799 2785 852 2837 que
876 2772 964 2836 potest
983 2784 1036 2820 non
1057 2770 1242 2837 propulsatae
1260 2770 1335 2825 illum

224 2845 396 2911 deducendis,
409 2863 471 2900 eum
483 2849 689 2917 assignabantur
697 2848 762 2915 egri,
800 2847 848 2916 qui
866 2850 1003 2915 parentem
1024 2853 1071 2897 ant
1091 2848 1204 2913 patriam
1224 2848 1336 2903 deserat.

225 2927 353 2979 centuriae
365 2928 478 2995 singulus
495 2932 568 2979 certo
580 2928 696 2980 militum
713 2942 764 2978 nu·
800 2925 934 2991 Injusturn
945 2941 1004 2977 esse
1015 2929 1165 2992 utrumqne,
1176 2928 1223 2979 sed
1232 2932 1293 2980 uter
1302 2929 1336 2981 sit

224 3018 306 3067 mero,
316 3005 404 3056 missis
416 3005 446 3057 in
459 3007 555 3057 urnam
574 3021 667 3058 eorum
678 3004 764 3058 nomi·
800 3001 930 3069 iniustior,
941 3007 1000 3055 uter
1011 3003 1119 3070 gravius
1128 3010 1231 3071 peccet,
1240 3004 1284 3059 iric
1293 3005 1337 3058 ci-

163 3134 166 3149 ,
225 3081 314 3135 nibus.
332 3084 404 3135 Nam
416 3100 478 3151 quae
489 3100 551 3152 pars
560 3084 657 3151 cuique
668 3099 765 3136 evene·
799 3096 926 3133 oeronon
947 3081 1046 3134 delinit.
1082 3081 1116 3134 ln
1137 3080 1187 3134 hac
1201 3083 1336 3135 locutione

226 3164 279 3221 rat,
285 3162 386 3221 sortitio
398 3161 457 3227 ejus
468 3163 653 3215 censebantur.
671 3163 763 3216 Tnnn.
800 3168 854 3211 tum
864 3168 901 3210 cst
912 3158 941 3210 in
951 3158 1011 3211 vitio
1022 3160 1117 3211 vocula
1125 3167 1178 3212 tam
1189 3176 1243 3213 non
1255 3176 1343 3229 quon.

227 3238 343 3289 novom·
350 3238 465 3291 XXVI.
477 3244 521 3295 32.
801 3236 915 3299 titatem,
927 3236 974 3289 aed
983 3237 1139 3307 qualitatem
1152 3240 1239 3305 potius
1252 3242 1336 3292 notet.

263 3312 452 3385 Epuonquis]
470 3314 504 3369 ln
521 3332 581 3369 meo
590 3319 693 3381 codiee,
706 3320 765 3371 2022·
801 3313 887 3367 Sicuti
900 3318 954 3365 tam
965 3315 992 3365 in
1005 3316 1068 3367 vitio
1086 3322 1135 3380 est,
1148 3317 1285 3369 denarium
1296 3316 1338 3370 fu·

226 3394 293 3463 prsis,
308 3394 356 3445 sed
379 3394 514 3459 vulgarem
537 3394 766 3450 hauoleetionem
802 3392 905 3457 reri,ec
927 3392 1017 3445 decies
1036 3394 1196 3458 sestertium,
1217 3396 1338 3463 quemvis

227 3472 344 3523 retinere
358 3469 478 3537 juniores
496 3472 591 3525 Critiei
611 3474 766 3539 uoluerunt,
802 3475 915 3540 peccata
926 3471 1047 3523 differant
1058 3466 1212 3540 plurimum,
1223 3477 1255 3526 ut
1270 3476 1339 3527 mul·

227 3549 470 3603 intitulanbiuo:
488 3552 564 3617 qnasi
573 3567 695 3604 veronen
702 3554 767 3605 setis
803 3549 838 3600 tis
848 3549 1018 3617 disputarunt
1029 3550 1195 3619 Majoragiu
1204 3552 1339 3606 etGriffio·

229 3628 352 3695 sitdues
361 3629 511 3697 superiores
522 3629 644 3696 periodos
652 3633 766 3699 coepisse
804 3629 846 3679 lus
867 3631 960 3679 eontra
988 3627 1108 3681 Coelium
1136 3630 1339 3697 Celcagninum.

231 3722 279 3775 per
299 3708 343 3761 Ex
361 3726 419 3777 quc,
437 3707 489 3759 nisi
496 3706 613 3759 addatur
622 3709 708 3772 tertia.
722 3710 765 3763 Al.
804 3708 882 3759 Plato
892 3705 1057 3773 puniendum
1070 3712 1170 3772 censet,
1183 3708 1228 3775 qui
1240 3708 1294 3760 vim
1304 3710 1341 3760 el-

232 3784 286 3853 leg.
296 3785 434 3855 Etsipuis.
469 3785 536 3838 Fac·
786 3795 792 3813 ⁸
804 3784 854 3836 teri
861 3782 963 3835 illatam
975 3799 1028 3835 non
1035 3789 1108 3836 arcet
1119 3784 1170 3837 IV.
1182 3786 1215 3837 de
1227 3785 1338 3852 legibus,

267 3863 297 3915 Ε
315 3881 364 3933 quo
380 3853 404 3917 ei
422 3864 480 3933 quis
498 3863 547 3917 siti
563 3860 675 3935 appetet]
692 3864 766 3918 virt.
803 3860 1341 3931 quodetAEgypfiorumlegibuseaveba-

233 3942 310 4004 Man.
323 3941 769 4015 Lamb.eoaiquisplussibiappe-
804 3944 856 3991 tur.
889 3938 958 3993 Vide
966 3940 1044 4008 Hug.
1058 3939 1180 3992 Grotium
1191 3940 1238 3992 lib.
1250 3940 1288 3993 11.
1305 3940 1339 3992 de

232 4020 348 4073 tea-Sed
361 4022 658 4088 Langinmaudiamns.
681 4021 769 4093 Appe-
803 4018 871 4070 iure
884 4018 954 4071 Belli
966 4022 994 4070 et
1006 4018 1083 4071 Pscis
1092 4034 1150 4085 cap.
1159 4018 1230 4085 Μ.
1239 4020 1264 4071 6.
1273 4020 1301 4069 et
1311 4022 1337 4071 7.
1422 4016 1426 4027 '
1451 4055 1457 4064 .

232 4111 286 4153 tere
300 4101 403 4167 proprie
421 4105 462 4151 est
480 4101 595 4170 amplius
610 4105 710 4168 petere,
722 4102 766 4153 de·
805 4094 949 4149 Gnnvrus.

235 4194 308 4232 mum
320 4176 490 4229 veliementer
501 4180 577 4243 velle,
588 4184 669 4245 atque
686 4181 767 4231 etiam
839 4173 912 4245 sape
927 4192 944 4226 a
963 4181 1032 4227 metu
1046 4170 1251 4241 proficiscuntur]
1270 4170 1341 4223 Vide

235 4258 261 4310 vi
279 4256 416 4308 invadere.
451 4256 492 4308 Ut
509 4266 626 4326 appetere
641 4272 768 4323 regnum
804 4252 930 4305 Graiium
940 4251 979 4304 II.
988 4248 1099 4304 deluto
1123 4246 1193 4299 Belli
1215 4252 1244 4299 et
1260 4248 1341 4301 Pacis

235 4336 307 4387 tomo
317 4343 443 4404 oppam,
453 4336 590 4400 proavido,
598 4338 693 4387 eontra
705 4334 769 4385 Rul-
805 4344 864 4397 cap.
876 4330 898 4382 I.
911 4330 932 4397 ᾗ,
943 4333 969 4381 2.
980 4326 1027 4378 nbi
1039 4324 1145 4393 copiose
1154 4324 1204 4377 hoc
1214 4326 1342 4393 explieat,

237 4415 308 4475 lnm3
324 4414 424 4465 mmai
445 4421 570 4481 appetem,
592 4414 625 4464 de
649 4412 769 4464 Oratore.
805 4410 834 4457 et
842 4406 961 4459 ostendit
970 4403 1049 4457 simul
1058 4401 1166 4471 quando
1183 4417 1232 4469 per
1237 4402 1353 4469 μυῖαι

234 4488 770 4561 Sieintruneespideqaidageremmeop-
805 4489 908 4539 metum
921 4483 998 4535 nobis
1008 4481 1087 4535 liceat
1105 4496 1236 4551 occupare
1251 4484 1341 4553 injuri-

234 4578 368 4641 peterent.v
384 4569 487 4634 livius,
499 4568 543 4621 lib.
555 4568 579 4621 1.
590 4566 721 4621 Crescebat
731 4567 771 4618 in-
796 4578 851 4614 -am
862 4562 1006 4615 illatnmnr.
1042 4558 1126 4614 lusu.
1155 4604 1157 4611 .
