3234 5217
564 331 712 409 uronis
734 351 920 407 auratus.
1136 323 1140 327 ’
1225 352 1298 418 579

190 499 337 553 secationis
349 503 505 571 estexpers,
523 479 726 572 perturbationi·
796 501 925 584 Jrnrrter]
951 500 1033 553 Aetio
1054 500 1194 568 sentiendi,
1216 505 1297 570 quam

191 577 293 652 busque
313 579 440 646 agitatur:
459 595 612 649 quanquam
630 580 725 632 rationi
762 572 1168 644 etiamsensumStmcrdrcunt,
1184 596 1298 650 exque

191 661 271 724 peret
306 657 434 710 lNJunnnn
762 657 824 709 dam
843 657 1015 724 impulsione
1021 658 1133 711 visorum
1152 663 1255 710 constat
1270 667 1297 713 et

226 735 261 786 In
271 733 380 807 ratione]
399 737 469 789 Nam
479 737 581 788 Zenoni
592 737 675 789 virtus
686 736 725 788 ui·
762 735 938 802 componitur,
946 739 976 787 ut
988 739 1079 787 censet
1087 735 1180 791 Zeno
1188 735 1233 788 Sic
1244 738 1296 790 elio

115 806 116 817 ¹
190 793 310 866 hilaliud
325 815 584 883 estquamperfecta
595 814 670 878 ratio,
683 815 724 865 tel
762 812 821 863 loco
822 811 1209 882 ,junctamecmultr'rpurtibru
1219 814 1297 867 Cice·
1308 883 1310 888 ,

190 907 270 958 qnam
279 897 403 946 constans
411 898 437 944 et
444 893 645 960 perpetueratro
653 893 723 944 vrtae.
761 891 876 942 rodicit.
893 891 984 943 Tunrt.
1013 891 1296 959 Legendumlortasse,

191 971 250 1024 Has
262 971 429 1024 definitiones
441 972 562 1024 estoicis
579 972 624 1024 lib.
637 970 659 1024 1.
673 972 725 1024 Le-
756 977 873 1042 ppcrtetor,
895 973 999 1033 ννγέπις,
1026 971 1068 1023 vel
1088 970 1159 1035 ictor,
1181 975 1294 1032 rvrbrar.

190 1065 254 1116 gum
267 1049 567 1102 Ciceromutuatusest.
595 1049 726 1112 Quineti·
762 1043 907 1100 Drvrsrus.
1299 1062 1301 1067 ·

191 1143 234 1178 am
247 1127 320 1178 Zeno
334 1119 584 1195 perturbationesin
601 1127 724 1194 opinione
796 1121 833 1174 In
853 1123 924 1176 nobis
941 1123 1062 1197 mutam]
1090 1126 1201 1180 Veteres
1219 1130 1294 1182 enim
1336 1179 1339 1189 ,

191 1209 219 1256 et
225 1205 328 1270 judicio
338 1207 437 1272 posuit.
473 1205 558 1258 lusu.
761 1203 889 1267 nonnulli,
899 1205 932 1254 ut
942 1203 1036 1255 Cioero
1054 1203 1134 1256 docet
1143 1206 1249 1259 inlibro
1260 1208 1295 1260 de

225 1282 305 1334 Perse
321 1281 518 1342 arbitrarentur]
538 1283 633 1350 Neque
654 1283 725 1336 euim
761 1279 839 1343 Fato,
860 1286 1019 1333 censuerant
1037 1282 1201 1336 assensiones
1220 1285 1245 1336 ri
1267 1290 1296 1338 et

189 1361 330 1427 quisquam
342 1359 564 1413 Academicorum
580 1361 725 1428 etPeripa·
760 1357 997 1413 necessitatefieri.
1031 1358 1158 1412 Tonans.

191 1437 339 1508 teticorum,
353 1443 384 1488 ut
396 1442 487 1488 censet
498 1438 600 1500 Cicero
615 1438 725 1490 affirma·
795 1431 1007 1506 Prenderentur]
1031 1436 1102 1487 Nam
1123 1451 1217 1489 manns
1235 1455 1296 1508 pro·

190 1515 236 1584 rit,
249 1515 294 1583 qui
306 1515 429 1567 virtutem
441 1531 521 1568 unam
535 1515 650 1577 haberet,
662 1531 724 1568 eum
760 1513 847 1579 prium
866 1518 909 1565 est
929 1513 1159 1581 comprehendere,
1180 1531 1196 1566 a
1216 1517 1295 1582 cujus

190 1609 283 1663 omnes
296 1573 400 1672 babere.
429 1593 460 1646 ld
475 1594 541 1645 adeo
553 1594 614 1646 vitae
627 1596 725 1647 docent
761 1591 994 1660 comprehensione
1012 1592 1169 1645 vocabulum
1182 1594 1295 1647 duxerat

191 1664 330 1740 exempla
357 1671 428 1722 Nom
440 1671 492 1734 lere
504 1671 644 1737 prudentia
655 1672 724 1748 timi-
760 1669 844 1732 Zeno,
855 1671 926 1738 quod
939 1672 1059 1724 sensibus
1072 1673 1227 1739 percepta
1207 1688 1246 1725 src
1256 1680 1295 1726 te·

191 1750 248 1802 dior
267 1752 316 1814 est,
336 1752 364 1801 et
386 1748 533 1817 philosophi
553 1749 703 1803 libentius'
696 1766 723 1803 ru
760 1752 893 1812 nerentnr,
922 1753 954 1802 ut
979 1765 1039 1816 quae
1062 1765 1143 1802 manu
1166 1750 1296 1818 prehensa

190 1828 375 1896 lectuloquam
388 1826 645 1895 praeliomorinntnr:
657 1831 724 1883 mul·
760 1829 832 1880 suot.
859 1826 945 1879 lucu.

191 1909 285 1973 torque
302 1905 539 1959 abstinentissimos
558 1909 585 1970 et
599 1907 725 1962 innocen·
794 1900 913 1974 Senum]
930 1904 1026 1956 Stoicis
1037 1920 1130 1956 sensus
1141 1908 1181 1956 est
1189 1906 1295 1972 spiritns

191 1984 304 2036 tissimos
314 1985 443 2046 videmus,
450 1984 497 2052 qui
506 1983 663 2050 utinjuriam
673 2003 722 2040 non
761 1996 777 2032 8
788 1985 862 2047 parte
874 1982 962 2046 animi,
970 1984 998 2034 in
1010 1999 1063 2051 qua
1072 1982 1235 2049 principatus
1245 1988 1295 2048 est,

189 2063 354 2126 laniuntur,
375 2076 436 2115 cum
449 2061 636 2128 inserturatiis,
649 2066 724 2118 mini-
761 2058 796 2109 ad
817 2075 908 2112 sensus
927 2061 1095 2126 perveniens
1121 2064 1148 2112 et
1168 2076 1295 2115 sensuum
1396 2069 1407 2082 “

188 2131 232 2194 ine
251 2143 413 2210 propulsant.
453 2140 535 2192 Stoici
556 2157 610 2192 non
629 2149 725 2211 putant
760 2137 966 2204 comprehensio,
985 2155 1066 2207 quem
1081 2137 1125 2189 bic
1137 2138 1230 2190 Cicero
1239 2157 1294 2191 serr·

188 2220 292 2286 sejungi
311 2235 398 2286 posse.
434 2219 568 2272 Laertius:
591 2223 632 2274 τὰς
650 2224 725 2284 terete
760 2231 817 2266 sum
834 2214 861 2267 in
880 2222 974 2268 neutro
991 2233 1087 2284 genere
1099 2216 1174 2278 dicit,
1184 2221 1224 2269 est
1235 2233 1296 2270 sen·

189 2313 254 2362 esen
271 2301 431 2348 ἀντακολουθεῖν
450 2300 561 2353 ἀλλήλαις,
580 2298 615 2345 aet
629 2297 663 2346 ab
672 2297 725 2360 μίαν
762 2310 839 2357 snnpr
852 2295 930 2348 actio.
948 2298 1052 2348 Auctor
1063 2295 1194 2348 Laertius.
1210 2295 1295 2348 lustr.

189 2378 275 2442 ἔχοντα,
298 2378 371 2429 πάσας
389 2375 450 2438 lxm.
495 2372 528 2423 ld
551 2375 599 2434 est,
620 2371 725 2428 virtuter
796 2371 861 2424 Oura
868 2371 953 2440 falso]
972 2374 1120 2441 opinamur
1130 2373 1201 2425 enim
1210 2373 1237 2424 in
1249 2373 1296 2426 lal-

190 2452 262 2504 oinct
272 2450 364 2518 seipsas
373 2458 458 2500 mutuo
470 2448 547 2517 sequi,
558 2457 585 2498 ut
596 2449 640 2517 qni
650 2467 725 2501 unam
762 2451 797 2502 sis
808 2456 835 2500 et
846 2449 952 2517 iis-quae
964 2466 1016 2502 non
1025 2456 1087 2502 sunt
1096 2451 1172 2503 nobis
1179 2452 1294 2516 cognite.

191 2528 278 2582 tuear
289 2544 372 2580 omnes
383 2525 479 2588 luben.
509 2526 610 2578 Eorum
621 2531 725 2578 senten·
745 2525 858 2594 ltaque
870 2529 975 2615 sapiens
987 2528 1089 2580 Zenoni
1100 2544 1153 2579 non
1165 2529 1295 2594 opinatur,

189 2609 236 2660 tiae
249 2607 328 2660 etiam
341 2605 496 2673 astipulatur
505 2603 657 2656 Alexander
666 2605 726 2658 Ari
762 2609 790 2656 et
801 2604 835 2656 ab
846 2621 879 2672 eo
887 2605 914 2656 in
927 2606 1005 2658 rebus
1017 2605 1093 2657 main
1104 2605 1192 2671 opinio
1203 2620 1296 2659 nume-

191 2686 293 2738 stotelis
314 2684 450 2750 interpres,
473 2681 663 2750 disseritque’
652 2685 727 2744 armis
761 2687 841 2735 ratur.
876 2683 963 2739 loen.
1235 2726 1239 2733 .

189 2763 469 2822 ἀνταλλλουθιῖνάλλήλαις,
480 2759 547 2810 libro
564 2758 680 2812 seeundo
692 2758 725 2808 de
796 2746 832 2815 Ia
842 2757 929 2830 rectis]
947 2761 1092 2817 scientiam
1103 2761 1173 2812 enim
1183 2728 1275 2812 Zeno
1267 2776 1296 2812 m

191 2842 298 2897 Animo.
333 2838 419 2896 lusu.
762 2839 841 2894 laude
862 2838 949 2906 ponit:
969 2840 1121 2906 opinionem
1139 2840 1190 2890 et
1183 2838 1296 2890 inscien-

225 2914 416 2978 Contrrrlrererrt]
434 2915 505 2966 Vide
516 2915 598 2967 Tusc.
611 2914 662 2966 lV-
762 2918 840 2968 tiam
833 2933 862 2972 ur
871 2917 945 2970 vitio:
958 2915 1236 2984 comprehensionem
1229 2926 1296 2968 inter

226 2997 290 3064 Cap.
306 2999 346 3046 ll.
374 2990 508 3063 Quintam]
528 2994 650 3056 Quetuor
667 2995 725 3043 tan·
761 3003 901 3063 utramque
919 2996 1040 3056 collocat,
1060 3010 1147 3063 neque
1167 2997 1194 3046 in
1217 2995 1295 3047 rebus

189 3079 248 3127 tum
263 3075 395 3124 elementa
411 3071 484 3122 Zeno
503 3073 585 3137 ponit,
604 3070 724 3138 quintam
761 3074 838 3125 bonis
849 3080 897 3124 eut
908 3073 984 3124 malis
997 3076 1126 3125 numerat.
1162 3074 1248 3126 loen.

189 3159 282 3205 autem
292 3155 412 3201 naturam
423 3165 474 3199 non
484 3149 615 3216 agnoscit:
629 3149 723 3200 caelum
794 3147 1008 3220 Sensibrnfidem]
1022 3151 1090 3202 Cum
1101 3155 1202 3203 veteres
1212 3153 1296 3204 menti

188 3231 263 3284 enim
274 3229 379 3294 igneum
390 3241 448 3278 esse
460 3233 543 3294 putat
572 3227 697 3280 Tonans.
761 3231 915 3282 tribuerent
952 3229 1036 3282 loru.

226 3306 269 3359 Ab
280 3324 308 3358 ea
317 3323 371 3374 qun
381 3323 468 3374 erpere
479 3311 551 3372 erret]
565 3305 724 3358 Naturesci-
796 3307 832 3360 In
851 3327 888 3372 re,
904 3303 1133 3378 eomprrlntderet]
1152 3309 1211 3361 Non
1224 3310 1294 3361 enim

187 3389 262 3442 lieet.
299 3383 367 3436 Aliis
384 3388 485 3444 natura,
496 3399 556 3452 quae
570 3384 608 3434 vis
620 3388 660 3434 est
671 3383 724 3433 effi·
762 3403 888 3439 sensuum
896 3385 1093 3452 comprehensio
1103 3388 1155 3437 virn
1167 3391 1250 3438 totam
1258 3387 1296 3439 rei

186 3467 490 3529 ciens,corporevacat.
521 3461 622 3514 Zenoni
634 3477 725 3528 corpo·
762 3466 819 3517 sine
851 3464 1070 3533 praetermissione
1103 3466 1297 3532 complectitor,

188 3549 249 3597 rata
270 3550 318 3602 est,
338 3540 406 3606 ignis
427 3539 543 3593 scilieet:
569 3539 677 3607 proinde
698 3544 725 3590 et
762 3540 1297 3594 curnexterioratantumlineamentaat·

187 3621 295 3675 animus
314 3619 360 3686 qui
378 3635 412 3670 ex
431 3634 463 3669 ea
479 3618 605 3684 gignitur:
625 3635 673 3671 nec
684 3633 726 3670 so·
763 3620 948 3687 tingat,eaque
959 3636 1020 3687 quae
1032 3620 1194 3671 subsensum
1204 3635 1296 3687 quem-

188 3702 248 3754 lum
260 3703 363 3760 natura,
375 3696 421 3748 sed
433 3696 573 3763 qualitates
581 3687 661 3750 etiarn
671 3713 727 3748 om·
763 3700 934 3766 quemdum,
945 3699 1295 3765 utsubaspectumcolores,

188 3795 241 3831 nes
258 3777 309 3827 illis
320 3778 465 3842 corporatae
479 3779 549 3836 suot,
561 3778 687 3841 extttqne
699 3775 726 3825 in
764 3778 949 3830 subauditum
962 3777 1026 3829 seni.
1062 3777 1147 3828 loen.

187 3857 295 3913 Stoicos
307 3855 356 3905 hac
375 3853 408 3904 de
420 3869 448 3903 re
460 3853 563 3904 libellus
575 3853 670 3905 Galeas
681 3852 727 3902 ed·
797 3853 833 3905 lu
843 3852 910 3925 eam]
928 3848 1204 3922 Comprehensionern.

188 3937 314 4000 scriptus,
326 3930 390 3983 ethi
403 3931 435 3980 eb
449 3931 602 3982 Alexandro
614 3931 727 3997 graviter
797 3927 1020 4003 Principiumsnr']
1028 3931 1295 4000 comprehensionem

188 4016 386 4080 oppugnantur.
416 4008 477 4072 Quo
494 4015 582 4062 autem
596 4024 727 4076 proeesse·
764 4013 885 4070 sensibus
898 4013 1002 4065 iactam.
1020 4011 1107 4064 luen.
1133 4011 1238 4077 Aliquis
1249 4009 1296 4060 de·

188 4091 244 4144 rint
254 4104 348 4141 eorum
360 4104 447 4153 nugae,
460 4103 494 4138 ex
508 4087 650 4140 Plutarcho
665 4102 727 4152 ope·
764 4105 822 4141 esse
833 4095 919 4157 putet,
929 4107 991 4142 earn.
1027 4089 1132 4142 Plenior
1143 4087 1250 4155 quidem
1262 4100 1295 4136 eo

190 4185 230 4220 rae
251 4168 366 4235 pretium
390 4170 431 4218 est
450 4181 617 4232 cognoscere.
652 4165 727 4216 ‘l'on-
765 4166 856 4220 nddito
878 4159 976 4219 locutio
998 4168 1093 4219 lutura.
1111 4166 1154 4217 sit.
1189 4164 1294 4216 Fauno.

192 4259 292 4299 nunus.
764 4245 827 4313 lpse
847 4246 963 4312 legerim,
984 4261 1106 4315 quumque
1128 4249 1229 4305 numa,
1246 4241 1295 4294 &e
1363 4244 1367 4252 '

228 4321 356 4391 Senem
375 4323 408 4374 ln
421 4322 518 4393 quibus
527 4322 661 4400 judicium
672 4323 726 4377 veri
765 4324 912 4377 Davisius.

181 4404 294 4452 -reteres
306 4417 363 4452 esse
375 4401 509 4463 nolebant,
526 4401 612 4453 sedin
623 4383 726 4454 mente·
798 4403 858 4455 Non
874 4402 1017 4472 principio]
1036 4401 1106 4462 Quae
1127 4396 1299 4466 comprehen-

192 4493 260 4530 cum
277 4477 350 4530 Zeno
366 4479 499 4545 judicium
519 4480 574 4532 veri
592 4481 619 4531 in
636 4496 728 4534 eorum
765 4482 944 4535 sionessunt.
967 4480 1094 4531 Toannn

188 4555 472 4627 comprehensionibus
483 4558 607 4628 posuerit.
643 4558 727 4614 lanu.¹
799 4559 852 4614 Sed
868 4555 978 4619 latiores]
998 4555 1108 4609 Notitiae
1125 4556 1248 4626 quaedam
1264 4574 1299 4610 ex
