3234 5217
290 394 363 461 804
699 386 759 440 ns
790 386 999 441 orercrrs

264 536 449 611 praecedunt
470 538 498 589 et
519 534 581 606 que'a
595 528 766 602 sequuntur,
790 535 829 587 ite
866 533 942 588 dum.
963 532 1256 587 ltuenimldcntusest
1268 534 1351 587 otiam
1362 528 1426 588 Sus·

291 622 414 688 poscunt.
449 614 533 669 lucit.
632 641 634 646 ·
821 614 825 621 '
870 612 1204 666 lustiusinbelloCatlllu.
1217 629 1241 664 e.
1256 616 1297 666 lo.
1333 612 1402 666 Fre.

325 696 393 762 Gap.
404 698 447 747 28.
465 691 542 748 Naris
551 689 664 761 sepulcro
674 690 773 760 ipseert
781 706 831 760 pa·
896 690 1017 744 Plautus
1027 690 1123 755 meter]
1142 690 1233 744 Plauti
1245 693 1314 746 sales
1325 696 1353 743 et
1372 693 1412 744 sa·

290 768 831 841 rm]Apprauuosomnirriueronovio
870 771 954 824 cetius
962 771 1048 822 omnis
1060 769 1180 821 laudauit
1190 772 1219 820 et
1229 770 1361 823 admirata
1370 774 1412 822 est

291 850 446 917 conjicienti
468 853 611 913 tyrannum
631 845 703 915 apud
723 850 832 915 poetam
870 848 1022 917 antiquitas.
1057 847 1148 899 Tritos
1168 846 1290 917 plerique
1311 864 1343 900 ac
1363 864 1412 900 no-

291 929 407 984 dixisse:
418 923 835 997 Nutisreprlcror‘pseritpureue,
870 931 940 979 tutos
951 942 1043 979 versus
1054 925 1197 991 habebant,
1216 942 1248 978 ac
1267 942 1302 978 ex
1318 940 1410 979 eurum

291 1008 364 1061 utin
381 1002 641 1076 praecedenti'rersu,
653 1002 833 1056 Oderintdm
870 1006 983 1059 naturali
1010 1004 1127 1074 quodam
1156 1006 1184 1055 et
1209 1004 1289 1056 insito
1311 1005 1410 1073 lepore,

291 1093 411 1139 metuam.
454 1084 518 1137 Hoc
539 1082 612 1135 enim
633 1098 696 1134 rere
715 1082 834 1150 tyranni-
870 1087 1197 1153 quaereraeetgermanae
1209 1082 1297 1135 Plauti
1312 1084 1410 1135 tabulae

291 1179 364 1217 cnm.
398 1162 472 1216 Illud
492 1177 555 1214 sero
569 1160 718 1229 Thyesteas
739 1159 833 1227 epulas
871 1166 968 1225 essent,
986 1162 1061 1214 nullo
1080 1161 1188 1229 negotio
1209 1161 1409 1227 dignoscebant.

292 1238 514 1303 commemorans,
534 1256 629 1309 porcas
649 1247 687 1292 ert
705 1238 774 1291 nutis
795 1242 847 1291 κέ
871 1240 931 1294 Nec
950 1256 983 1293 eo
1002 1239 1097 1303 solum,
1118 1254 1172 1308 quo
1193 1240 1270 1303 vixit,
1292 1244 1411 1307 tempore

287 1320 390 1393 pulcro,
402 1319 514 1388 quilibet
525 1319 614 1371 dicere
625 1322 724 1385 potest.
759 1316 833 1380 Quid
871 1335 936 1372 cum
954 1318 1019 1371 nihil
1035 1318 1123 1370 forsan
1137 1322 1292 1371 occurreret
1307 1317 1412 1380 melius,

292 1398 364 1452 enim
374 1400 403 1452 in
413 1397 466 1450 illia
478 1397 661 1465 tyrannicum?
690 1390 840 1451 Grrnvrus.¹
863 1394 965 1450 ¹habuit
985 1399 1065 1464 poeta
1082 1394 1126 1449 hic
1143 1396 1231 1448 laudis
1247 1396 1363 1449 fautores
1379 1412 1412 1448 ae

282 1524 288 1535 .
327 1471 685 1547 Animouiumrelt'quanmr]
696 1474 729 1527 ld
740 1479 781 1527 est
791 1490 835 1527 su·
872 1490 1009 1543 praeoones
1021 1490 1087 1540 suae,
1106 1474 1154 1526 sed
1170 1474 1251 1527 etiam
1265 1476 1342 1528 annis
1354 1492 1414 1543 pos-

292 1575 341 1629 pra
361 1555 477 1623 reliquas
499 1553 658 1606 animantes.
693 1553 834 1606 Genitirns
872 1557 917 1605 tea
937 1552 1089 1619 consecutis
1106 1552 1207 1617 multis,
1225 1568 1288 1606 cum
1308 1554 1414 1607 ridiculi

294 1650 373 1691 casus
390 1634 419 1686 in
434 1632 485 1685 lrac
497 1630 603 1699 syntaxi
615 1631 785 1683 duriusculur
797 1631 835 1683 ri·
872 1631 1005 1694 tractatio,
1016 1631 1090 1700 quod
1103 1647 1171 1700 opus
1188 1632 1330 1685 comoediae
1348 1648 1415 1701 pne-

223 1752 229 1760 .
294 1714 383 1767 detur.
410 1710 465 1763 Sed
475 1710 586 1761 fortasse
594 1711 681 1761 totum
692 1708 744 1760 hoc
752 1723 838 1760 mem·
867 1710 983 1777 cipunm
1001 1714 1049 1772 est,
1068 1711 1158 1777 perlici
1180 1710 1303 1777 potuerit,
1321 1717 1349 1764 et
1363 1728 1414 1765 nu-

294 1794 553 1859 btummugrmcum
561 1783 836 1857 eaecellenruproeaan-
874 1789 952 1840 meris
965 1789 1214 1842 omnibusabsolvi.
1248 1790 1339 1858 Atque
1353 1786 1413 1845 hac

295 1872 382 1940 niaque
402 1864 571 1920 animantium
595 1862 762 1934 reliqtmram,
784 1865 836 1917 sor·
873 1867 935 1920 talis
946 1870 975 1918 et
991 1871 1068 1919 tanta
1080 1866 1115 1918 rie
1132 1866 1202 1933 jocis
1212 1860 1414 1937 Plautinis'opi-

296 1951 401 2002 matum
421 1947 464 1996 est
481 1958 518 1994 ex
535 1942 578 2006 iis,
596 1944 837 2011 qumpaulloante
874 1944 919 1996 nio
943 1944 977 1995 ad
998 1944 1117 2013 Augusti
1139 1960 1224 2013 usque
1247 1946 1414 2013 imperatoris

295 2027 368 2080 diota
378 2025 450 2086 sunt,
460 2023 488 2072 et
497 2020 609 2086 margini
620 2019 768 2087 adjectum,
777 2037 837 2089 pos-
876 2025 982 2073 aetutem
995 2023 1101 2074 mansit.
1138 2022 1200 2085 Quo
1212 2021 1325 2091 primum
1336 2040 1414 2077 secu·

295 2110 341 2157 tea
360 2116 424 2154 vero
447 2116 464 2151 e
485 2096 836 2151 librariis'lruo'inscrtum.
875 2098 902 2151 lo
919 2114 1007 2167 neque
1023 2098 1100 2163 jocos
1109 2100 1184 2164 istos,
1195 2116 1284 2169 neque
1292 2100 1415 2167 jocornr'n

293 2182 413 2235 Frccro.
876 2177 1027 2229 laudatores
1036 2178 1103 2229 ferre
1112 2180 1200 2246 potuit
1210 2178 1418 2233 severioretias-
1481 2172 1483 2178 ’

332 2257 414 2322 Illud,
432 2256 502 2326 quod
518 2256 554 2309 ad
571 2272 668 2307 omnem
686 2253 839 2307 lonenutem
876 2253 996 2307 tidiosior
1011 2254 1098 2320 judex
1110 2256 1252 2321 Horatius,
1264 2274 1296 2310 ac
1307 2258 1416 2311 fortasse

293 2337 407 2411 pertinet
415 2335 542 2397 dxmm,
550 2350 625 2402 quam
637 2331 782 2402 lutosarum
793 2332 838 2399 rit]
876 2332 982 2385 melior:
995 2333 1094 2401 quippe
1102 2350 1171 2403 quos
1180 2336 1269 2389 nimiae
1280 2330 1416 2406 patientiae

297 2413 454 2470 Alexander
464 2410 682 2479 Aphrodisiensis
696 2409 838 2463 honestum
877 2412 1414 2481 aopropemodumstultitr'aecondemnet.

298 2492 391 2546 circuli
412 2493 505 2543 centro
526 2494 671 2555 comparat,
686 2488 839 2556 quodcum
876 2486 996 2542 Tametsi
1019 2489 1100 2556 hujus
1126 2506 1177 2557 ego
1203 2491 1338 2557 judicium
1361 2510 1414 2547 non
1494 2522 1497 2527 ·
1591 2484 1592 2495 ²

297 2588 326 2626 re
336 2571 396 2638 ipsa
405 2569 541 2631 siturum,
550 2582 599 2635 pro
609 2565 738 2618 varietate
747 2570 839 2619 tamen
877 2565 958 2617 unius
969 2565 1092 2633 hominis,
1100 2568 1147 2620 sed
1156 2568 1240 2623 totius
1252 2572 1334 2624 seculi
1347 2570 1416 2625 illius

298 2651 438 2711 linearum,
449 2644 601 2698 indiversas
609 2647 697 2711 parter
707 2648 790 2713 atque
799 2661 840 2695 re·
877 2643 1048 2698 eruditissimi
1052 2645 1186 2713 judicium
1194 2650 1350 2713 putaverim.
1363 2651 1416 2703 Ne·

299 2729 392 2799 gioues
408 2742 443 2778 ex
460 2740 495 2777 eo
512 2722 710 2792 productamm,
729 2721 763 2775 sit
773 2738 839 2792 quo-
877 2737 930 2789 que
941 2723 1012 2775 enim
1024 2725 1129 2793 scripsit
1142 2725 1270 2779 Horatius
1281 2727 1366 2793 alitor,
1384 2746 1416 2782 ac

299 2804 445 2860 dammodo
460 2802 569 2856 uarium
591 2804 619 2853 et
639 2799 792 2871 multiplex,
811 2805 840 2853 et
877 2799 1160 2871 videreturrlugusto:
1178 2820 1266 2872 neque
1278 2807 1418 2873 Augustus

196 2882 199 2888 ’
300 2901 373 2941 nunc
392 2882 480 2951 hujus,
500 2895 572 2933 nunc
595 2879 667 2933 illius
690 2880 768 2932 lineae
787 2885 841 2931 ter·
877 2880 991 2946 cupidus
1013 2882 1071 2949 ipse
1092 2881 1226 2935 dictorum
1247 2888 1276 2934 et
1297 2886 1418 2951 cujusvis
1437 2891 1443 2897 ’

188 2992 192 2999 ·
299 2966 390 3018 minue
409 2960 568 3029 appellatur.
605 2958 710 3011 Eadem
733 2973 840 3026 prorsus
877 2957 981 3023 generis
992 2958 1050 3025 ejus
1061 2958 1211 3025 intelligens
1222 2960 1251 3011 in
1262 2961 1321 3025 alia,
1334 2969 1419 3033 atque

299 3042 405 3094 ratione
424 3037 575 3099 honestum,
595 3051 656 3089 cum
677 3039 773 3088 natura
790 3052 842 3089 sua
878 3035 953 3103 probi
962 3040 989 3089 et
998 3036 1073 3103 politi
1082 3035 1203 3102 ejusdem
1213 3038 1264 3090 aevi
1276 3038 1420 3107 scriptores

302 3120 337 3172 sit
357 3119 514 3182 unum,'pro
532 3113 659 3167 varietate
676 3117 767 3166 nmen
784 3128 843 3165 mo-
878 3113 1188 3174 essentsententiaiuit.
1214 3114 1275 3168 Nisi
1283 3115 1351 3170 forte
1361 3112 1439 3173 sus-¹

267 3210 274 3221 ‘
300 3202 379 3251 tuum
392 3192 484 3257 animi,
501 3195 529 3244 et
539 3193 687 3257 actionum,
703 3208 843 3261 quaspru-
878 3191 971 3261 picari,
981 3193 1030 3246 lec.
1049 3192 1212 3256 Vrvrssmu
1223 3195 1331 3249 deluat.
1345 3198 1419 3254 Dict.

300 3268 570 3335 dentermoderatur,
581 3270 683 3323 varium
694 3272 772 3339 quasi
783 3272 843 3324 red·
914 3269 1068 3323 Atticorum
1078 3270 1185 3341 antiqua
1204 3274 1338 3341 cumdio]
1364 3278 1421 3329 :td-

302 3352 374 3405 ditur
385 3351 414 3401 et
422 3347 575 3415 muln'plcx.
609 3348 739 3402 Recens.
879 3349 1127 3401 versaturcioeroni
1140 3350 1306 3416 Aristoteles,
1314 3353 1359 3406 lib.
1369 3354 1421 3409 lv.

338 3428 427 3497 Neque
438 3424 610 3493 erimantum,
624 3427 687 3496 &eq
712 3425 843 3479 Periodus
882 3426 946 3479 Eth.
960 3427 994 3479 ad
1004 3426 1109 3481 Nicom.
1121 3432 1145 3482 8.
1157 3430 1205 3495 qui
1213 3435 1304 3483 monet
1315 3431 1418 3487 facilem

302 3510 363 3563 lraec
380 3509 439 3559 orn
456 3502 560 3557 videtur
571 3520 606 3557 ex
617 3506 719 3557 monito
730 3504 843 3571 alicujus
879 3520 938 3559 osse
956 3505 1155 3559 distinctionem
1175 3507 1283 3573 ingenui
1302 3514 1329 3563 ct
1347 3528 1420 3565 scur-

303 3583 472 3656 grammatici
482 3584 596 3652 margini
606 3583 748 3653 adscrlpto.
773 3584 843 3638 Fac.
879 3582 934 3635 rilis
948 3582 1005 3648 joci
1026 3600 1061 3636 ex
1079 3585 1214 3641 veteribus
1234 3591 1261 3638 et
1281 3589 1356 3642 noris
1376 3586 1421 3643 co

338 3665 460 3733 θυμω.
479 3661 572 3715 Omnis
588 3670 673 3714 autem
692 3659 769 3728 sono]
797 3662 843 3716 Ex
880 3661 996 3725 moedlis,
1014 3663 1123 3728 perinde
1136 3679 1167 3715 ac
1179 3662 1292 3729 sidicat,
1312 3664 1421 3720 tantnr'r·

304 3741 383 3800 oflicii
394 3740 581 3810 descriptione,
592 3756 654 3808 quae
667 3740 747 3793 estin
758 3740 803 3795 lib.
815 3746 842 3795 3.
880 3737 941 3791 dem
954 3739 1004 3791 sibi
1015 3746 1118 3793 veteres
1130 3742 1248 3794 comicos
1258 3746 1420 3810 permittere,

304 3825 338 3878 de
350 3821 412 3876 Fin.
425 3836 450 3873 c.
464 3823 505 3873 17.
524 3818 583 3872 lraec
602 3820 693 3871 omnia
710 3822 844 3873 consarci·
880 3824 1011 3885 quantum
1024 3835 1123 3873 scurrae
1136 3819 1230 3887 solent,
1246 3822 1343 3889 quibus
1354 3826 1420 3878 nihil

303 3906 368 3957 nata
393 3898 530 3951 videntur.
565 3897 594 3949 Si
620 3897 758 3959 tollantur,
784 3902 844 3950 tum
880 3910 998 3965 unquam
1015 3897 1091 3951 nefas
1110 3900 1145 3953 sit
1161 3914 1213 3951 nec
1229 3900 1418 3967 inrebus,ncc

223 4019 226 4027 ,
303 3981 458 4045 sensatum
469 3971 845 4027 rerbarectiuaintersecon-
880 3974 907 4025 'ru
927 3974 1021 4038 verbis,
1042 3991 1163 4045 quosque
1182 3978 1256 4042 nillil,
1273 3980 1420 4034 dummodo

304 4060 409 4129 grueret
425 4054 493 4108 ,ΑΙίἰ
504 4054 606 4122 legunt,
616 4053 696 4105 manis
706 4061 791 4105 caten
800 4070 845 4103 ra·
869 4044 939 4104 ¹aliis
950 4053 1033 4105 risum
1045 4054 1194 4119 excutiant,
1211 4070 1299 4125 neque
1310 4061 1420 4125 pudeat,

302 4138 347 4191 tio.
382 4135 453 4187 Sane
472 4132 577 4185 melius.
612 4130 756 4194 Quomodo
771 4131 843 4183 enim
880 4144 968 4196 neque
992 4130 1100 4183 taedeat.
1136 4132 1275 4187 Aristoteli
1299 4137 1421 4191 adversa-

303 4216 369 4271 oets'o
380 4212 576 4282 diciturugere.
611 4209 706 4263 luere-'r
881 4211 925 4259 tur
943 4208 1046 4261 Cicero.
1083 4206 1137 4261 Hic
1160 4212 1231 4263 enim
1256 4213 1290 4265 ab
1310 4214 1421 4283 antiqua

338 4292 669 4361 Nequeproenorontmec]
683 4286 845 4358 Victorque
880 4285 1421 4360 comoediailliberalitatemperurantinn,

302 4378 466 4442 prunorum
473 4377 582 4438 propter
592 4365 821 4429 emeritanam
880 4362 1073 4431 turpitudinem
1100 4366 1258 4433 flagitiosam
1291 4376 1420 4434 removet,

338 4447 377 4500 Et
388 4444 637 4515 quietiduscoeten‘sd
656 4444 741 4496 Casus
755 4444 845 4512 plura·
879 4442 976 4511 quibus
991 4442 1038 4494 itte
1058 4460 1116 4495 earn
1138 4460 1186 4497 sua
1202 4448 1335 4502 sententia
1346 4450 1421 4502 dan-

303 4525 336 4578 lis
348 4523 602 4587 duriusculustecit,
619 4527 651 4576 ut
667 4522 712 4577 alii
723 4522 844 4590 legerent
879 4528 933 4575 nat
964 4520 1127 4591 Quanquam
1139 4537 1193 4575 non
1205 4538 1267 4577 eum
1275 4526 1421 4590 “Aristotele
1435 4537 1439 4549 “

303 4597 403 4669 quintu
415 4601 461 4666 alii
472 4601 555 4655 alter.
591 4600 646 4654 Sed
658 4600 723 4655 nihil
740 4601 843 4657 serian-
879 4600 1012 4655 duntaxat
1019 4596 1123 4667 Cicero,
1132 4602 1179 4657 ssd
1186 4618 1277 4659 secum
1287 4605 1347 4674 ipse
1354 4619 1423 4676 peg-
