3234 5217
240 345 241 350 .
313 379 386 455 tou
660 379 722 440 na
749 375 1082 445 orvrnnrlonn

299 525 383 588 'lt'ide
402 525 575 588 Plutarchum
589 530 617 584 in
634 529 732 585 Coriol.
750 547 777 602 p.
788 535 849 588 225.
885 532 949 587 bere
960 553 987 588 re
996 536 1042 590 ait.
1061 535 1153 604 Lino.
1165 536 1239 592 Vide
1245 536 1346 594 Mureti
1358 527 1428 593 Vera

310 602 471 682 Dionysium
507 609 771 668 Halicarnassensem
805 611 850 666 lib.
887 611 965 666 Lect.
978 615 1034 668 IX.
1050 618 1091 669 19.

310 681 510 760 trinepos.
528 695 555 742 et
565 689 630 742 Des.
647 690 797 743 Heraldum
815 693 850 744 ad
920 689 1427 768 Sapernirion'sioriototioniios]1²ati·

309 770 423 824 Arnobii
433 786 460 838 p.
469 771 530 822 306.
567 767 669 821 Divis.
846 811 850 816 .
887 767 969 834 dicis3
997 787 1060 824 narn
1082 774 1270 843 superstitiosae
1293 775 1428 828 veteribus

345 850 431 912 tiaram
453 850 534 915 vellet,
551 853 726 920 mactaretur]
745 847 850 907 Plutar.
886 846 1288 918 handrarorlioinnmsignifioat.
1306 852 1426 905 Intrall.

309 930 385 996 chus,
403 931 430 982 in
441 927 578 981 Gracchis.
614 927 692 981 idem
713 927 847 987 somnium
886 927 930 977 56·
952 926 1024 978 Unde
1035 930 1216 996 superstitiosa
1228 931 1345 1000 primum
1361 948 1426 982 sceva

308 1007 389 1060 refert
400 1007 481 1061 etiam
488 1005 551 1060 Val.
565 1006 644 1060 Max.
656 1007 701 1061 lib.
714 1008 737 1062 1.
751 1026 775 1064 c.
784 1013 810 1064 7.
821 1010 848 1066 6,
886 1005 965 1056 evatit
979 1019 1027 1057 ror
1035 1007 1107 1078 sera.
1126 1009 1208 1075 Apud
1219 1009 1344 1060 Plautum
1360 1010 1428 1061 Am-

309 1086 396 1140 loan.
885 1083 965 1152 phitr.
978 1090 1030 1136 act.
1040 1086 1063 1138 1.
1076 1101 1112 1136 sc.
1125 1085 1147 1138 1.
1167 1090 1223 1139 167.
1242 1087 1280 1138 ait
1297 1087 1374 1138 Sosia
1392 1088 1426 1140 de

300 1235 303 1242 ι
344 1165 411 1238 Cap.
424 1159 467 1219 27.
487 1165 610 1238 Ignotum
619 1167 740 1236 quendam
747 1168 849 1240 prrp'ec·
886 1160 1030 1226 Mercurio,
1042 1165 1088 1231 qni
1100 1171 1162 1216 e'um
1173 1180 1227 1216 non
1240 1165 1319 1230 longe
1331 1165 1427 1217 abesse

310 1244 375 1306 tom]
395 1245 507 1298 Hancce
515 1261 573 1297 rem
582 1245 664 1298 latius
673 1245 777 1299 diducit
786 1240 848 1300 Val.
884 1243 1087 1309 praesenticbat:
1107 1241 1168 1293 Ittic
1180 1241 1428 1311 tomosuperstitio·

309 1321 387 1375 Max.
400 1323 445 1376 lib.
458 1324 482 1377 l.
495 1341 554 1392 cap.
565 1328 589 1378 7.
600 1327 626 1377 3.
639 1329 742 1378 extem,
762 1326 847 1379 IDEM.
885 1329 931 1371 8118
941 1330 986 1373 eut.
1013 1321 1115 1373 lterum
1128 1321 1427 1376 Curcul.acl.lll.27.

344 1401 406 1454 Duo
429 1403 533 1472 quidam
558 1401 674 1456 Arcades
686 1401 847 1472 familiares]
885 1397 1088 1468 Superstitiosus
1106 1399 1147 1453 tie
1168 1401 1268 1471 ᾳυὶάειη
1287 1411 1340 1453 est:
1367 1418 1427 1454 aero

308 1471 391 1533 Hanc
419 1481 554 1534 historiam
576 1482 696 1535 nonnihil
720 1483 848 1536 variatam
880 1478 1425 1549 predicat.EtRudent.act.1V.so.1V.

307 1561 421 1628 scriptor
428 1559 540 1612 Graccus
549 1561 669 1628 exponit,
681 1560 758 1628 cujus
766 1561 849 1614 verba
883 1561 927 1609 ue.
945 1556 1047 1616 eadsi
1056 1557 1106 1609 r'sto
1117 1567 1162 1610 eat
1173 1558 1365 1626 superstitiosa,
1383 1569 1427 1611 eat

306 1631 400 1691 laudat
419 1637 515 1690 Suidas
533 1637 561 1690 in
580 1643 725 1704 τιμωροῦντος,
740 1642 772 1690 ut
783 1639 847 1692 olim
883 1631 1104 1704 oriolumctque
1115 1637 1208 1698 omnio,
1219 1635 1351 1705 Quicquid
1357 1637 1427 1703 imit,

306 1716 414 1770 monuit
424 1717 483 1770 Pet
490 1707 628 1768 Victorius
636 1705 700 1768 liar.
711 1715 788 1771 Leot.
798 1716 846 1772 lib.
883 1730 944 1766 vera
955 1714 1028 1766 dicet.
1054 1714 1126 1766 Vide
1144 1716 1180 1768 sis
1191 1717 1258 1768 Adr.
1269 1715 1427 1769 'l'urnebum

307 1795 396 1848 XIX.
408 1810 467 1862 cap.
480 1797 521 1846 12.
533 1789 585 1844 nst
597 1809 613 1845 a
624 1789 754 1846 Cicerone
761 1793 847 1848 diver·
884 1791 997 1845 Advers.
1007 1792 1053 1846 lib.
1063 1788 1099 1845 V.
1111 1809 1136 1844 c.
1145 1797 1189 1846 22.
1201 1797 1229 1845 et
1240 1793 1296 1846 ios.
1308 1795 1427 1863 Scalige-

307 1887 354 1925 sus
364 1888 418 1924 non
430 1871 487 1924 abit
497 1869 623 1922 Valerius
640 1871 781 1925 Maximus
798 1873 846 1928 lib.
882 1879 942 1922 rum
954 1871 1031 1938 conj.
1049 1867 1334 1927 ravennantium.
1347 1873 1379 1926 L.
1392 1873 1427 1926 1..
1455 1929 1459 1936 ,

306 1950 608 2016 1.oap.7.1o.axtern.
644 1947 731 2001 loon.
882 1953 999 2018 papea.
1034 1949 1137 2002 Dnvrs.

341 2029 407 2096 Cap.
414 2030 457 2080 28.
465 2025 559 2078 Noster
566 2023 714 2090 Sallustius]
725 2027 787 2080 Non
794 2027 847 2081 his·
918 2025 1080 2099 Reppm]
1099 2028 1195 2082 Lami).
1204 2029 1339 2100 peperisti.

305 2101 416 2170 loricas,
428 2103 474 2156 sed
484 2103 527 2156 M.
541 2103 677 2164 Ciceronis
685 2105 796 2159 libertus
806 2109 848 2160 in·
918 2105 985 2174 Gap.
996 2109 1039 2160 32.
1057 2107 1088 2159 C.
1099 2105 1238 2176 Coponium
1249 2109 1285 2160 od
1296 2110 1426 2161 reventere

305 2185 443 2252 telligitur.
479 2182 582 2236 Dnvrs.
642 2179 644 2184 ’
884 2179 1110 2254 cavannacum
1120 2185 1375 2258 proterioimperio]
1393 2190 1426 2243 C.

340 2263 376 2338 In
390 2271 549 2318 morareris
559 2258 657 2338 Marii]
676 2263 739 2316 Hoc
750 2267 848 2320 somni·
884 2262 1034 2318 Coronrus.
1047 2265 1105 2319 PR.
1117 2266 1144 2316 S.
1154 2264 1185 2316 C.
1197 2263 1225 2315 in
1235 2269 1362 2331 argenteo
1381 2267 1430 2319 tle-v

304 2342 419 2396 irminae
428 2341 509 2394 relert
518 2331 643 2392 Valerius
653 2341 792 2396 Maximus
801 2345 847 2398 lib.
883 2341 1120 2412 namodescriptus
1135 2346 1184 2394 est.
1220 2342 1322 2398 Uasrrr.

304 2411 330 2474 Ῑ.
350 2437 409 2487 cap.
421 2415 447 2473 7'.
459 2423 485 2472 5.
502 2417 549 2470 ubi
567 2423 645 2471 natat
660 2419 688 2472 in
707 2422 759 2473 cede
775 2411 849 2475 J'oois
918 2419 984 2473 Oarm
991 2417 1095 2492 primis]
1112 2420 1186 2472 vict.
1196 2436 1253 2474 nun
1260 2423 1356 2491 primo.

304 2499 431 2554 Marione
444 2497 473 2551 S.
483 2497 512 2550 C.
520 2497 550 2550 de
560 2497 646 2550 reditu
657 2497 786 2552 Ciceronis
796 2519 849 2554 erre
918 2498 1033 2552 Domum
1042 2495 1157 2570 inertem]
1177 2494 1369 2554 Dementiooem
1380 2500 1426 2554 ha·

293 2579 408 2650 foetam.
427 2575 490 2631 Pari
497 2577 578 2628 modo
588 2575 849 2633 AEmiliemoocmen-
883 2577 930 2629 bet
939 2578 1066 2648 antiquus
1075 2578 1141 2631 liber
1149 2579 1298 2646 composito
1310 2581 1427 2633 vocabu-

303 2669 339 2726 tc,
351 2665 379 2711 et
388 2665 548 2711 armamenta
559 2653 607 2707 On.
619 2655 740 2727 Pompeii
750 2675 797 2727 pro
809 2659 849 2711 lo·
882 2656 917 2721 lo,
929 2661 958 2710 et
965 2659 1004 2710 ita
1013 2657 1229 2725 tegitnpuleius:
1242 2663 1270 2712 et
1280 2661 1308 2711 in
1317 2660 1362 2711 lib.
1370 2659 1425 2713 111.

303 2736 352 2802 cis,
369 2752 437 2805 quos
455 2738 616 2806 struxerant!
628 2735 672 2786 vel
688 2734 847 2802 refecerant,
882 2735 916 2786 ad
928 2735 1095 2787 Herennium
1103 2750 1162 2802 cap.
1171 2738 1214 2788 21.
1231 2735 1425 2790 Jomdomuiti·

252 2862 255 2866 .
302 2817 374 2870 dixit
390 2816 502 2869 Tacitus
523 2817 596 2866 Anu.
615 2813 670 2866 111.
687 2817 730 2868 72.
751 2817 802 2870 lV.
821 2821 846 2870 7·
882 2830 962 2867 onem
973 2832 1055 2885 reges,
1066 2815 1115 2866 &c
1132 2811 1239 2867 ‘Unsrn
1265 2815 1329 2879 Qua
1348 2815 1382 2869 de
1398 2831 1425 2868 rc

302 2889 375 2964 ‘Vide
387 2900 415 2948 et
426 2895 555 2946 Senecam
566 2893 646 2944 Cous.
659 2894 694 2945 ad
704 2892 846 2959 Marciam,
881 2891 1017 2957 Schottns,
1028 2891 1098 2944 Nodi
1108 2890 1246 2956 Ciceronis,
1258 2892 1309 2944 IV.
1322 2898 1362 2947 10.

256 3039 259 3048 .
296 2961 364 3043 cap.
385 2978 430 3027 22.
457 2971 588 3023 Consules
608 2975 700 3023 autem
718 2972 793 3024 fuere
815 2975 845 3026 P.
915 2967 982 3039 (lap.
993 2969 1036 3024 33.
1054 2968 1174 3023 Ritualer
1184 2967 1255 3041 liin]
1265 2974 1323 3023 Ant
1333 2973 1426 3025 omnia

302 3047 437 3106 Lentulus
446 3053 474 3102 et
483 3048 518 3111 Q.
526 3047 664 3112 Metellus,
673 3065 788 3116 quorum
799 3050 845 3104 ille
880 3065 924 3101 mc
937 3050 1041 3116 tollunt,
1050 3052 1098 3099 aut
1108 3048 1306 3100 resu'tuendum
1318 3052 1360 3100 est
1370 3051 1425 3103 tide

297 3129 403 3206 ⁴Nostro
414 3129 466 3180 fuit
477 3128 628 3196 praecipuus
640 3127 733 3179 salutis
745 3133 846 3181 arrotor.
880 3120 939 3180 Pal.
952 3139 1005 3178 sec.
1014 3125 1171 3179 tonitruales.
1207 3127 1339 3180 Gaurnn.

302 3210 376 3271 ¹Vide
394 3207 430 3260 sis
444 3211 509 3260 orat.
522 3205 557 3258 ad
568 3205 643 3281 Q'uir.
656 3209 718 3274 post
728 3207 844 3259 reditum
915 3203 1253 3274 Nistrietietmoognroles]
1280 3205 1367 3260 Vestri
1385 3211 1424 3260 cst

303 3303 364 3358 cap.
376 3283 401 3342 5.
414 3304 469 3354 seq.
481 3289 509 3338 et
520 3291 581 3354 post
597 3286 652 3338 red.
664 3286 692 3337 in
709 3285 771 3339 Sen.
784 3303 844 3355 cap.
880 3283 908 3338 in
917 3283 973 3336 Ms.
984 3286 1013 3335 et
1029 3285 1066 3335 ita
1086 3283 1259 3337 scribendum
1279 3288 1329 3349 est,
1346 3290 1379 3338 ut
1390 3285 1424 3337 arl

302 3367 329 3424 3.
342 3367 368 3422 4.
403 3357 491 3420 lueri.
881 3363 1017 3416 Ciceronis
1030 3366 1192 3430 auguratum
1200 3364 1336 3417 reseratur.
1353 3363 1423 3417 Una.

338 3450 405 3516 Cap.
415 3433 460 3502 29.
479 3445 544 3499 Cam
553 3437 731 3498 dormientibus
741 3462 773 3498 eo
780 3455 845 3514 pa'rs
914 3439 1065 3494 Suimersrs
1087 3451 1167 3510 equus
1191 3441 1354 3512 voraginibus
1374 3457 1423 3494 non

301 3522 394 3599 animi]
413 3524 532 3579 Platonis
542 3524 618 3576 locus
635 3527 711 3576 extat
728 3518 773 3575 lib.
787 3524 843 3577 ΙΧ.
881 3516 989 3590 armum]
1007 3518 1155 3572 Historiam
1166 3525 1255 3571 narrat
1267 3521 1368 3571 Plinius
1377 3519 1421 3570 lib.

302 3607 417 3673 deRep.
452 3601 554 3655 Divis.
881 3592 965 3650 vm.
980 3599 1001 3666 ξ.
1015 3601 1058 3650 64.
1077 3595 1199 3648 Eandem
1210 3597 1290 3649 refert
1302 3601 1330 3649 et
1340 3597 1423 3650 AElia-

337 3685 460 3752 Capsu.
478 3681 522 3734 De
530 3699 580 3752 qao
590 3692 648 3736 ente
665 3677 731 3753 dixi]
750 3679 843 3749 Supra,
882 3692 934 3729 nus
944 3675 1011 3730 Var.
1024 3675 1097 3730 rint.
1114 3675 1162 3728 lib.
1175 3674 1248 3728 XlI.
1261 3691 1319 3744 cap.
1331 3679 1374 3728 46.
1392 3677 1423 3727 ut

297 3755 437 3833 'napum'
533 3761 537 3770 '
881 3756 944 3807 olim
952 3750 1424 3808 monuitPet.VictoriusVar.Lect.

339 3835 479 3910 Homerici¹
490 3835 623 3908 Hectoris]
645 3837 722 3894 Iliad.
740 3857 766 3894 x.
782 3843 844 3895 358.
881 3833 954 3887 ΧΠ.
968 3839 991 3887 l·
1025 3834 1128 3887 ΒΜ·

302 3917 454 3978 Homerum
463 3919 525 3973 vero
531 3913 660 3987 Virgilius
668 3917 788 3973 imitatus
796 3923 845 3984 cst,
916 3913 982 3980 Cap.
993 3915 1037 3964 34.
1051 3910 1110 3968 Quo
1121 3909 1274 3980 inpugna..
1285 3908 1423 3980 ..Delphis

302 3993 368 4056 AEn.
381 4001 420 4054 X.
430 4003 491 4053 470.
503 4002 536 4052 ut
554 3999 662 4052 Servius
679 3997 846 4050 animadver-
877 3989 980 4062 posite]
998 3989 1154 4042 Parenthesi
1164 4005 1245 4041 voces
1256 3989 1305 4040 has
1317 3989 1423 4041 inclusi·

303 4075 343 4134 tit.
379 4081 466 4140 loen.
600 4135 601 4138 Ἴ
882 4079 951 4132 mus,
965 4070 1075 4132 nesint,
1093 4067 1225 4137 quicum
1237 4067 1361 4142 Grotero,
1376 4080 1421 4121 eas

337 4153 403 4228 C'ap.
414 4146 845 4228 31.Sedqnidoeaiisrabere'viso
882 4147 1069 4199 amalamanu
1077 4144 1358 4213 irrepsissecenseant;
1376 4162 1422 4199 ne-

302 4245 351 4308 est]
370 4239 415 4291 Sic
432 4237 593 4304 legendum
610 4231 706 4296 robore,
724 4231 844 4298 inquam,
881 4223 1126 4292 testimonimum
1139 4215 1280 4290 L'amblno,
1292 4231 1422 4292 reponant

301 4305 358 4371 riou
376 4333 476 4388 rapere.
507 4311 711 4374 liabereautem
721 4309 845 4361 dictomo
880 4302 1006 4372 quasdiri
1018 4297 1361 4372 Delpitiechcedoemortiir
1375 4316 1421 4372 pu·

197 4437 200 4456 .
302 4395 381 4459 rabie,
397 4394 485 4464 inquit
506 4387 620 4447 Nonius.
640 4382 741 4442 Varro:
770 4387 844 4440 Idem
880 4381 942 4433 ritas
953 4379 1058 4450 solem
1089 4397 1152 4433 nam
1171 4384 1307 4447 receptam
1330 4379 1421 4433 lectio·

304 4472 383 4537 Attii,
395 4475 461 4542 quod
469 4471 550 4524 Titii:
569 4470 699 4531 Quidem?
716 4466 778 4536 qnid
791 4465 844 4519 ito·
880 4474 943 4512 nem
951 4464 1080 4528 praestant
1088 4475 1180 4513 omnes
1188 4456 1255 4510 Mas.
1265 4473 1421 4527 nequcraro

298 4541 390 4602 'teresi
407 4550 469 4619 quid
479 4549 563 4601 rabis?
582 4548 645 4618 qaid
656 4546 693 4599 vis
704 4544 766 4598 tibi?
783 4545 845 4598 Cae·
880 4541 920 4607 fit,
936 4544 968 4592 ut
984 4539 1148 4607 intelligatur
1167 4534 1269 4616 certant
1285 4536 1421 4591 animanti·

304 4623 380 4680 cilios
396 4619 617 4694 Hypobolimaeo:
643 4623 785 4677 Rostrum
802 4638 843 4675 ra·
880 4631 946 4673 uam.
981 4617 1083 4674 Daris.
