3234 5217
566 395 716 457 LlnElt
738 400 1005 463 sucultnds.
1153 498 1158 507 .
1265 415 1349 485 -760

220 536 413 613 mapa
429 543 616 600 mareas.
652 545 706 603 no
723 546 768 604 tarr
804 532 1344 634 rmammsoesmvs'mea,qas

224 622 370 674 emendant
380 622 452 693 apud
460 622 526 678 deos.
552 623 607 688 Qui
619 628 691 693 apud
701 628 766 680 deos
794 644 840 683 ⁴sarr
856 645 924 683 voce
942 631 1144 687 mesindetor
1160 642 1239 695 nata:
1258 644 1346 712 sospi-

221 696 450 767 loquitur‚verum
462 702 631 756 dissimulare
648 720 702 759 non
718 708 767 760 de·
802 721 906 776 aerque
928 708 1001 762 istud
1023 713 1107 765 merui
1127 714 1240 769 altman
1261 720 1344 774 scrisse

218 776 276 841 bet,
294 780 453 847 arrogantiae
473 786 556 833 metu.
591 782 663 835 Mihi
683 785 765 837 etiam
794 785 946 840 lectionem
965 804 1014 857 pso
1032 791 1113 860 petivi
1130 796 1158 844 in
1172 794 1226 846 line
1243 812 1345 864 pracce-

221 856 311 924 plscet
322 856 427 912 AEmari
435 856 641 912 Ranoooetiv'iri
654 860 766 915 clarissi-
802 861 891 916 dentis
903 866 1043 919 sententiae
1054 888 1062 931 3
1078 872 1110 920 nt
1119 875 1201 935 esset,
1215 871 1277 941 plan
1289 892 1345 945 pa-

221 935 259 987 mi
271 934 433 1000 emendatio,
452 940 484 990 ut
502 938 575 1007 epod
590 954 634 990 vos
651 941 764 1007 legatur,
800 942 1078 1014 comminiscamur
1090 948 1183 1001 merui.
1219 950 1325 1007 Penne.

219 1014 446 1081 quemadmodum
465 1015 639 1085 supradixit.
667 1016 764 1076 Quarti·
835 1018 902 1087 Cap.
914 1024 954 1073 18.
965 1019 1160 1091 Insidiosarea]
1179 1026 1292 1091 Quaead
1303 1031 1344 1083 iu-

219 1110 261 1144 nm
278 1102 304 1145 et
326 1108 408 1147 semo
425 1101 450 1146 et
470 1092 539 1147 bean
549 1093 696 1164 familiaris
717 1106 763 1153 est.
800 1094 947 1149 videndum
959 1099 1086 1154 finitimos
1095 1102 1210 1173 impellit
1220 1108 1342 1176 populos,

219 1160 305 1225 lusu.
528 1192 531 1203 Δ
574 1190 578 1195 ·
800 1175 830 1225 et
852 1174 887 1226 ad
908 1174 1008 1228 bellum
1031 1194 1079 1247 spe
1098 1181 1199 1248 praede
1217 1198 1343 1238 nomn.

253 1248 320 1318 Cap.
339 1252 380 1306 1⁷.
415 1248 551 1321 Tensplnm
572 1249 691 1326 ticonio]
718 1253 762 1307 De
789 1267 882 1319 ,qnam
899 1252 1086 1311 inserendum:
1105 1259 1153 1311 sed
1172 1263 1201 1313 et
1219 1261 1293 1315 cives
1313 1267 1342 1317 et

217 1326 316 1380 Clodio
324 1328 459 1397 loquitur:
477 1330 501 1381 ia
513 1330 705 1385 enimdomum
717 1332 762 1386 Οἱ·
798 1332 952 1384 exieroaad
970 1335 1110 1402 spolianda
1126 1337 1228 1395 lauaet
1250 1341 1341 1412 diripi-

217 1406 321 1457 oercnis
332 1406 463 1471 incendit,
475 1411 503 1459 et
513 1409 542 1461 io
554 1425 617 1462 area
628 1412 760 1479 templum
798 1408 879 1462 enda·
916 1410 1011 1465 Tuus.

213 1475 347 1537 ‘libertatis
369 1486 537 1543 construxit:
559 1503 642 1555 quam
665 1495 760 1545 contu·
831 1484 972 1560 Exitum]
984 1488 1029 1543 Ex
1038 1491 1156 1545 inanimo
1169 1495 1341 1563 corporeeie·

213 1562 329 1615 melicae
340 1564 451 1617 nomine
463 1564 599 1619 licentiam
608 1570 688 1619 vocat
698 1584 760 1623 nos-
795 1561 919 1631 phanfist
937 1567 966 1619 id
977 1568 1049 1620 enim
1060 1568 1104 1621 hio
1115 1571 1247 1628 estimare.
1270 1576 1339 1630 Orl-

213 1643 264 1693 ter.
282 1640 354 1693 Vide
369 1643 405 1693 sis
421 1642 496 1695 Orat.
515 1647 577 1711 post
594 1644 711 1699 reditum
729 1648 758 1701 in
795 1642 857 1695 dius
867 1643 959 1697 Amor.
979 1645 1041 1698 Lib.
1054 1647 1108 1701 ΙΙΙ.
1122 1650 1200 1717 Eleg.
1213 1652 1269 1705 lX.
1280 1659 1308 1709 6.

808 1768 1252 1843 oco

209 1874 315 1929 blavia.
826 1890 943 1961 Catum]
961 1892 1097 1965 Quicquid
1108 1899 1181 1952 enim
1199 1916 1234 1954 ex
1252 1902 1333 1956 cada·

245 1952 281 2006 In
298 1953 378 2023 ipsiu
389 1954 478 2025 patria
492 1956 593 2010 donum
608 1955 753 2023 dewlimw]
790 1984 853 2022 vere
875 1975 925 2037 est,
947 1971 1086 2029 funestum
1108 1981 1137 2029 et
1159 1979 1331 2047 inquinatum

210 2029 256 2083 Ex
269 2046 319 2083 sua
329 2032 410 2084 domo
428 2032 584 2088 Millfflam
601 2035 707 2091 Tullius
723 2038 752 2091 in
790 2049 947 2103 censebant,
975 2053 1020 2105 Sic
1030 2069 1065 2106 ne
1085 2055 1147 2109 lana
1164 2057 1266 2127 quidem
1276 2060 1332 2129 Py.

206 2108 373 2177 Capitolium
393 2112 574 2167 transtulerat.
604 2112 687 2167 Dion.
703 2116 751 2170 lib.
788 2126 1096 2195 thagoraswvestiebatur,
1132 2135 1219 2189 Inna.

208 2192 252 2241 38.
266 2191 294 2241 et
306 2192 350 2241 45.
377 2186 449 2242 Vide
468 2195 496 2243 et
513 2190 560 2243 lib.
582 2190 653 2247 ΧΙΙ.
671 2194 748 2249 Fam.
823 2206 957 2277 Quodque]
975 2210 1022 2262 Ex
1032 2210 1146 2265 Platone
1157 2216 1281 2286 paodpni
1293 2216 1332 2271 le·

208 2267 346 2335 epistw.
375 2267 462 2321 locu.
786 2285 905 2350 gendum
914 2291 963 2340 est.
983 2287 1037 2345 Qui
1047 2291 1119 2341 enim
1130 2308 1178 2359 pro
1187 2294 1245 2362 quis
1254 2311 1327 2364 saepe

243 2342 401 2398 coaeoatoe
410 2346 513 2416 patrie]
533 2347 603 2401 Haec
614 2350 694 2401 lectio
708 2352 748 2405 nl·
786 2361 891 2428 dicitur,
901 2381 924 2416 o.
933 2368 961 2417 et
971 2382 993 2418 a.
1005 2372 1145 2435 sequente.
1180 2370 1266 2426 luent.

181 2432 183 2435 ·
205 2420 244 2474 lril
255 2422 337 2476 babet
347 2423 375 2476 in
387 2440 415 2477 se
428 2425 492 2478 vitii.
514 2426 576 2480 Sed
589 2444 651 2482 oum
663 2428 746 2484 Paris.
818 2434 931 2511 Sed'ego
942 2440 1047 2515 eoerera]
1065 2446 1203 2500 Assentior
1213 2450 1329 2517 Platoni,

205 2505 379 2570 repraesentet
387 2505 417 2557 ds
428 2515 527 2559 servata
537 2507 626 2577 pateis
633 2529 644 2570 ,·
662 2508 700 2561 sio
712 2510 746 2562 ob
783 2521 880 2573 terram
893 2536 946 2573 non
957 2538 1016 2575 esse
1028 2527 1254 2579 consecrandam:
1272 2543 1326 2581 eae-

205 2582 579 2647 praestantiamoodlcisillius
590 2588 747 2641 omuinolc-
779 2598 841 2649 'tera
859 2598 893 2650 de
913 2599 1013 2667 quibus
1033 2607 1119 2666 cavet,
1135 2617 1190 2656 non
1209 2609 1265 2657 tam
1284 2620 1326 2657 re·

204 2658 297 2725 gerim.
333 2660 377 2715 De
398 2678 428 2713 re
449 2663 507 2730 ipsa
525 2664 596 2717 vide·
609 2666 745 2719 Ciceronis
782 2676 1013 2746 triotepraefinio,
1050 2679 1136 2733 quat.

203 2737 280 2791 Orat.
293 2742 354 2807 post
368 2740 490 2793 reditum
505 2741 535 2801 iu
556 2744 666 2807 Senatu,
683 2762 743 2813 cap.
816 2754 884 2823 Cap.
898 2760 939 2809 19.
965 2756 1022 2810 Aa
1038 2756 1091 2811 ullo
1109 2759 1221 2827 camino]
1250 2760 1322 2813 Puto

203 2818 229 2869 9.
244 2820 283 2870 10.
296 2822 383 2888 etpro
396 2819 486 2872 Domo
504 2826 619 2889 oap.28.
656 2824 749 2877 Insu-
779 2830 928 2899 legendnm
945 2845 991 2888 aut
1008 2834 1137 2891 luminans
1171 2836 1323 2891 luraenim

239 2895 428 2960 lfitacsusiati]
451 2898 526 2962 Quos
548 2895 599 2953 sua
614 2904 672 2956 vita
690 2903 743 2955 sui·
780 2909 922 2977 parietum,
950 2928 1089 2982 aquarum,
1115 2915 1322 2983 stillicidiorum,

201 2988 254 3043 que
274 2990 362 3029 mores
385 2977 532 3031 erudierint
553 2984 582 3032 et
605 2981 654 3033 ulti
681 2983 743 3037 sint.
777 2988 912 3043 luminum
923 2992 1068 3060 conjuncta
1079 3000 1151 3048 sunt.
1177 2994 1322 3049 Illudvero

116 3084 118 3089 ,
198 3050 290 3106 Tuan.
307 3053 410 3108 Vereor
425 3059 457 3108 ut
476 3061 549 3109 reete
569 3058 674 3111 dicatur
690 3062 742 3115 vita
779 3069 880 3121 omnino
888 3086 942 3122 non
953 3071 1016 3123 satis
1026 3089 1163 3141 assequor,
1172 3075 1321 3143 praesertim

198 3130 324 3184 cruciati:
341 3138 505 3203 quaproptcr
519 3137 639 3205 suspicor
651 3138 741 3206 legen·
778 3162 842 3200 eum
853 3154 988 3218 sequatur,
1001 3150 1078 3221 Ergo
1086 3153 1154 3222 qaod
1163 3170 1218 3206 eum
1231 3151 1321 3225 religi-

199 3207 266 3259 dum
278 3224 336 3261 esse
346 3212 436 3279 potius
447 3228 498 3265 non
516 3213 670 3269 salamana
682 3236 740 3272 cru·
777 3226 1049 3295 ooeeenjanetamest.
1066 3229 1160 3284 Tuan.
1179 3230 1250 3295 Quia
1259 3231 1319 3285 baec

198 3285 403 3341 ciatidedecore:
420 3288 459 3341 sio
470 3291 541 3344 enim
553 3294 740 3363 loquiturnos·
777 3308 842 3356 ‘cum
853 3304 894 3367 iis,
909 3321 972 3373 quae
989 3306 1058 3359 infra
1076 3307 1211 3373 dicuntur,
1223 3326 1321 3378 repug-

198 3366 241 3416 ler
252 3364 281 3417 in
292 3364 368 3418 Orat.
380 3382 428 3435 pro
437 3367 473 3422 A.
482 3369 606 3424 Cluentio
618 3389 643 3425 o.
655 3376 681 3426 4.
689 3392 739 3427 oon
776 3386 852 3448 nant,
862 3383 1004 3436 Turnebus
1020 3390 1048 3437 et
1063 3386 1213 3441 Lambinus
1224 3390 1319 3442 rescri-

193 3441 250 3498 εἰπε
261 3459 359 3495 aemma
370 3443 500 3500 dedecore
512 3449 575 3501 vitae
587 3468 617 3502 ac
629 3453 738 3522 impitn·
776 3458 853 3525 bunt,
873 3470 918 3513 ant
939 3461 1081 3517 lominum:
1099 3466 1226 3519 Davisius
1245 3483 1318 3530 vero,

196 3521 263 3573 dine.
301 3522 407 3577 Paauc.
775 3539 848 3605 qnod
868 3541 895 3592 in
908 3540 976 3592 Mss.
990 3545 1081 3596 etvet.
1099 3545 1162 3597 edit.
1176 3545 1319 3599 invenitsa'

229 3599 314 3654 Justis
333 3602 508 3675 exequiarum]
525 3606 572 3665 ¹Id
591 3608 625 3661 ob
649 3608 738 3665 Clodii
774 3633 845 3687 ergo,
856 3617 961 3685 reponit
971 3629 1017 3673 aut
1029 3619 1083 3673 ullo
1097 3624 1198 3676 omnino
1217 3620 1317 3678 similit

195 3678 312 3733 cadaver
330 3680 376 3745 ait,
394 3682 467 3749 quod
486 3684 544 3737 sine
565 3684 736 3755 imaginibus,
774 3692 851 3765 Ergo
868 3697 943 3766 praed,
958 3698 1007 3751 &c
1036 3699 1074 3751 At
1092 3702 1165 3755 istud
1181 3720 1244 3773 ergo
1260 3719 1317 3756 non

193 3758 323 3825 exequiis,
332 3774 440 3826 pompa,
448 3762 611 3829 laudatione,
625 3767 736 3821 semius·
773 3774 880 3827 videtur
902 3777 946 3829 hic
969 3778 1061 3831 locum
1082 3778 1198 3844 habere3
1226 3798 1315 3851 neque
1362 3782 1365 3786 ’

194 3835 512 3903 tulatum‚dilaniandum
525 3858 607 3911 prope
622 3847 735 3899 canibus
772 3852 845 3906 enim
872 3857 1001 3925 sequitur,
1030 3861 1184 3926 pontificem
1214 3860 1313 3913 debere

192 3914 315 3966 relictum
328 3918 384 3969 cst:
402 3921 433 3970 ut
444 3919 473 3971 in'
484 3922 605 3975 oratione
615 3939 664 3993 pro
680 3924 735 3977 Mi·
771 3929 834 3982 ideo
850 3948 1011 4000 cognoscere
1029 3935 1058 3987 id
1074 3936 1121 4002 jus
1142 3938 1219 3989 civile
1240 3936 1313 4005 quod

192 3988 253 4041 lone
264 3992 362 4047 scribit.
395 3994 487 4049 Tuan.
770 4008 928 4076 religionem
945 4015 1059 4080 spectat,
1079 4016 1151 4081 qnod
1171 4030 1225 4067 non
1243 4029 1313 4081 opus

136 4090 141 4101 ·
210 4056 385 4143 'Offlmiond
408 4073 650 4131 condemnatione.
687 4080 732 4135 Sic
771 4090 813 4138 est
829 4092 862 4139 ut
876 4097 1022 4156 cognoseat
1038 4107 1099 4144 eam
1113 4091 1181 4156 juris
1197 4100 1311 4158 partem,

190 4144 297 4217 effetatio
305 4148 393 4218 prelii
403 4168 450 4220 pro
469 4154 529 4223 lege
548 4156 672 4223 Manilia,
690 4162 732 4213 est
770 4181 831 4233 quae
843 4167 958 4234 parietes
969 4175 997 4221 et
1007 4185 1091 4238 aquas
1101 4173 1213 4238 spectat.
1239 4170 1313 4222 Rec-

191 4226 300 4279 amissio·
311 4228 441 4283 victoriae.
475 4232 563 4287 Iners.
769 4243 824 4295 tius
843 4247 962 4318 (opinor)
983 4247 1018 4300 ad
1034 4254 1152 4300 mentem
1173 4248 1310 4303 Ciceronis

190 4318 192 4325 ¹
223 4302 336 4357 Tantum
348 4323 443 4377 porram
459 4312 525 4375 erui,
543 4312 668 4383 duplicem
679 4335 731 4371 esse
768 4321 939 4375 scribendum
959 4330 1038 4386 esset,
1060 4335 1106 4378 out
1129 4323 1183 4377 olto
1199 4327 1310 4395 manino,

184 4396 287 4451 poenom
295 4384 418 4455 divinam]
437 4386 502 4440 ,lure
512 4390 634 4459 displicet
643 4394 730 4449 doctis
766 4399 819 4451 nisi
837 4402 906 4469 quod
925 4420 983 4455 cum
1002 4400 1126 4472 religione
1144 4400 1308 4475 ,conjicientem

186 4460 255 4512 illud
274 4462 339 4528 emi,
356 4479 405 4532 pro
423 4480 476 4534 quo
495 4468 645 4524 Lambinus
663 4474 731 4543 legit
766 4479 823 4529 eat?
850 4479 1002 4534 Patroclus.

111 4562 118 4571 -
187 4536 264 4601 brevi,
274 4541 301 4589 et
309 4536 433 4594 Davisius
441 4543 524 4598 rebus.
543 4546 657 4602 Codices
666 4567 729 4605 vero
801 4555 846 4608 De
856 4559 948 4623 sacris]
966 4560 1010 4611 De
1028 4559 1111 4611 sacris
1128 4560 1238 4628 privatis
1254 4562 1307 4618 hoo

184 4616 242 4671 lere
253 4614 356 4671 lrabeat
367 4621 431 4689 oni,
441 4622 482 4676 r'el
493 4625 583 4679 merui.
611 4628 671 4694 Ego
683 4630 729 4683 de·
766 4632 827 4686 loco
839 4634 953 4703 disserit,
970 4654 1033 4706 quse
1051 4639 1195 4709 pecuniam
1212 4639 1307 4711 seque·
1394 4649 1397 4658 ’

221 4707 285 4749 voa.
300 4708 331 4748 rr.
802 4714 850 4764 bn
