3234 5217
611 345 920 457 narcissum.
1253 371 1323 440 9οι

210 519 752 601 Μ.ῃιοοοο.ὓωεοοιΤήοοοοωρὶοοίο
789 517 833 572 Μ.
846 515 1097 588 &mursa-princeps
1111 521 1328 592 immanegatr
1402 571 1404 579 ,

209 611 367 666 cohortatus
378 606 422 672 sit,
434 608 467 656 ut
484 600 590 670 judicia
605 601 754 652 eommuta-
788 594 1334 662 retromeat:nosocomiarius--
1426 594 1433 605 '

213 693 264 746 ret.
298 687 387 741 loru.
428 719 432 733 ι
789 673 989 727 amteredere?
1006 673 1193 736 Quavocoita
1207 676 1328 732 omnium

248 763 313 838 Illa]
332 765 376 818 De
385 760 477 833 quoin
489 758 650 826 Bruto‚cap.
663 761 708 814 29.
726 736 731 758 ’
790 751 968 804 commutavit
978 751 1128 814 animosut
1136 751 1237 819 abipso
1246 754 1334 808 etiam·

250 844 361 898 vemas
379 860 396 895 a
414 839 449 899 Q.
463 835 554 901 Vario]
573 835 671 890 italico
682 834 754 886 bello
790 829 913 884 ‘l'ribuno
923 828 1106 882 dimitteretur.
1141 829 1226 884 lusu.

215 925 319 987 exorta,
330 935 395 975 cum
405 917 441 970 ob
458 915 538 968 sociis
553 911 756 981 negatam'ciri·
827 903 920 974 Illam]
950 905 1129 960 Dicititerum
1141 906 1175 959 de
1193 910 1269 974 patre
1284 909 1328 964 M.

214 1004 301 1055 tutam
320 995 446 1052 nobilitas
466 993 495 1044 in
510 991 611 1044 invidia
629 993 708 1054 esset,
720 989 757 1053 Q.
778 986 897 1040 scauri.
916 985 1003 1038 Possit
1026 985 1121 1053 aliquis
1141 1001 1270 1054 quaerere,
1282 1003 1331 1040 cur

215 1076 318 1130 Varius
329 1073 468 1128 Tribunus
481 1069 569 1139 plebis
586 1069 674 1135 legem
685 1066 756 1130 tulit,
792 1064 845 1118 hoc
858 1064 956 1117 dixerit
968 1063 1072 1129 Cicero,
1082 1079 1146 1116 cum
1157 1063 1274 1118 Scaurus
1284 1083 1333 1136 pa·

219 1159 251 1206 ut
261 1153 426 1222 quaereretur
444 1147 479 1198 de
498 1147 539 1208 iis,
550 1160 663 1214 quorum
675 1159 758 1211 opero
793 1142 886 1196 iricius
901 1141 996 1194 suerit:
1014 1158 1076 1211 quas
1097 1143 1201 1210 generis
1221 1143 1331 1198 claritas

217 1231 361 1288 consiliove
377 1225 443 1279 socii
453 1227 550 1285 contra
557 1221 686 1291 populum
703 1220 758 1272 Ro-
794 1218 1333 1276 etiamincrteshonrincsadsummosho-

218 1325 332 1366 manum
342 1301 607 1370 armasumpsissent.
641 1297 756 1360 dqu.
793 1298 1015 1364 noresprorexit.
1051 1291 1332 1356 Verum‘Scaumsits

197 1423 201 1427 .
222 1386 327 1454 023950,
340 1387 418 1445 vetur
435 1381 561 1435 inimicus
580 1378 682 1444 Scauri,
699 1391 759 1444 spe·
794 1375 846 1434 fuit
864 1374 1000 1445 patricius,
1011 1381 1041 1429 ut
1063 1379 1148 1432 tribus
1171 1396 1252 1448 supra
1268 1397 1340 1434 eum·

219 1480 283 1516 rans
294 1461 428 1518 invenisse
447 1476 477 1511 se
492 1458 661 1512 occasionem
671 1455 760 1524 oppri³
794 1455 921 1508 aetatibus
925 1455 1041 1524 jacuerit
1049 1456 1144 1512 domur
1152 1457 1211 1525 ejus
1219 1459 1334 1515 rorarna

220 1541 313 1594 mendi
322 1540 389 1608 ejus,
400 1539 456 1607 egit
466 1540 497 1589 ut
508 1537 543 1601 Q.
551 1534 651 1587 Varius
661 1533 761 1588 'I'ribu-
795 1535 869 1589 Nam
875 1550 962 1603 neque
970 1539 1053 1603 pater,
1059 1551 1149 1605 neque
1157 1553 1233 1602 avus,
1243 1555 1343 1608 neque.

220 1634 273 1671 nus
289 1618 384 1686 plebis,
402 1616 467 1669 belli
494 1613 622 1666 concitati
650 1613 760 1666 crimine
796 1613 879 1666 etiam
894 1628 1018 1681 proavus,
1030 1615 1061 1665 ut
1080 1617 1156 1682 puto,
1176 1621 1284 1685 propter
1295 1622 1335 1671 tc-

218 1697 313 1750 adesse
320 1695 565 1766 apudseScsurum
573 1691 683 1759 juberet
690 1706 761 1745 anno
796 1708 865 1745 nues
877 1707 950 1762 opes,
963 1696 991 1743 et
1007 1693 1108 1745 nuliam
1125 1692 1188 1746 vitae
1210 1695 1336 1750 industri·
1404 1719 1408 1738 κ

222 1789 313 1829 uxxrr.
341 1772 393 1826 Ille
412 1771 599 1840 perriatorcm
610 1769 762 1834 arcessitus,
798 1787 851 1834 am,
878 1769 990 1823 honores
1019 1770 1109 1839 adepti
1138 1778 1214 1828 sunt:
1243 1775 1335 1844 itaque

222 1869 288 1906 cum
296 1851 354 1918 jam
366 1867 403 1902 ex
420 1848 512 1901 morbo
524 1848 594 1900 maie
608 1848 762 1910 solveretur,
798 1849 901 1920 Scauro
912 1864 990 1916 aeque
1004 1863 1036 1900 ao
1053 1865 1125 1902 novo
1142 1850 1243 1905 homini
1263 1853 1337 1908 labo-

221 1928 439 1985 dissuadentibus
458 1926 561 1990 amicis,
572 1943 607 1978 ne
625 1942 654 1978 se
669 1926 698 1977 in
716 1926 763 1978 iiia
798 1927 913 1980 randum
924 1926 981 1979 fuit.
1016 1928 1102 1981 Inoni.
1340 1931 1344 1938 “

221 2007 376 2063 valetudine
387 2009 415 2058 et
437 2008 518 2058 aetate
538 2004 647 2056 invidiae
670 2005 763 2073 populi
834 2003 893 2058 Pro
915 2005 948 2058 L.
961 2003 1071 2078 diabolo]
1090 2007 1123 2061 1..
1146 2007 1190 2062 hic
1212 2009 1344 2066 Tubulus

222 2087 359 2152 objiceret,
376 2084 486 2136 innixus
500 2081 671 2134 nobilissimis
686 2081 764 2148 juve·
798 2083 939 2153 praetorius
951 2083 1001 2137 suit
1013 2089 1094 2137 aetate
1106 2089 1213 2153 patrum
1231 2089 1338 2143 Cicero-

224 2164 303 2216 nibus
314 2161 442 2231 processit
452 2162 480 2213 in
489 2160 592 2224 iorum3
610 2159 707 2211 deindo
719 2175 765 2211 ao·
799 2156 849 2214 nis:
867 2161 1103 2230 lsproptcrmuIta
1113 2165 1292 2234 flagitimcum
1303 2170 1338 2224 de

225 2235 305 2308 cepto
311 2238 566 2313 respondendilooo,
573 2237 657 2289 dixit:
671 2237 705 2297 Q.
716 2237 765 2290 Va·
800 2239 882 2292 exilio
894 2240 1035 2293 arcessitus
1047 2247 1126 2306 esset,
1137 2259 1172 2296 ne
1190 2245 1218 2296 in
1234 2257 1349 2300 carcere·

135 2375 138 2383 ,
225 2319 283 2371 rius
293 2317 429 2387 Hispanus
438 2317 480 2369 M.
489 2316 615 2370 Scaurum
622 2315 765 2386 ρνίοοίροη
800 2320 949 2382 necaretur,
960 2333 1093 2372 venenum
1104 2321 1182 2387 tibia
1217 2324 1304 2382 loru.

224 2394 540 2463 mammutium
557 2395 596 2447 ait
612 2394 764 2448 meduan:

440 2566 556 2620 clncn
572 2565 941 2632 TERTIAMPARTEM,
957 2567 983 2622 A
1002 2569 1137 2624 PRIMO.

261 2699 299 2751 P.
311 2691 445 2766 Cianum]
462 2694 648 2758 HioCrassus
658 2693 709 2746 suit
720 2709 767 2762 pa·
804 2689 985 2742 dominatione
993 2691 1026 2743 1..
1039 2691 1143 2756 Cinnae,
1152 2709 1215 2746 cum
1226 2694 1306 2748 illeet
1314 2712 1352 2758 a·¹

227 2781 269 2830 ter
278 2774 367 2829 Crassi
378 2773 445 2842 ejus,
456 2775 502 2843 qui
514 2775 628 2828 aemulus
638 2774 766 2842 potentiae
803 2771 853 2822 lios
859 2769 992 2838 principes
1000 2770 1168 2838 optimatum,
1176 2776 1204 2825 et
1210 2773 1340 2841 collegam

125 2913 129 2916 ,
228 2857 298 2917 Coei
311 2854 433 2923 Pompeii
443 2853 502 2907 fuit.
537 2854 622 2906 Periit
635 2854 767 2906 autemin
802 2864 882 2902 suum
894 2849 1217 2930 Cchtariumoccidit.
1235 2851 1370 2928 Asson..

676 3025 680 3032 '
712 3015 868 3071 STATIM.

266 3157 309 3210 Ar
318 3152 410 3227 neque]
437 3153 507 3207 Haec
516 3151 607 3218 verba,
618 3149 715 3220 quibus
727 3149 772 3202 Ci·
807 3149 999 3203 Moveorcnim
1009 3149 1102 3204 merito
1111 3149 1158 3204 riri
1171 3153 1343 3208 auctoritate:

231 3249 294 3289 omo
304 3235 377 3286 nunc
387 3233 479 3294 utitur,
490 3246 524 3284 rc
546 3243 648 3294 arcun,
661 3244 722 3282 eam
734 3229 773 3283 ri·
808 3243 897 3296 neque
908 3227 1000 3295 ignoro
1009 3229 1152 3296 aliquando
1163 3229 1215 3283 hoc
1226 3223 1347 3299 verbum,

233 3312 331 3364 dentur
340 3310 438 3362 habere
448 3313 579 3374 naturam,
587 3312 620 3361 ut
630 3308 715 3363 semel
726 3324 773 3377 po·
807 3323 896 3376 aeque,
919 3307 963 3358 vel
980 3309 1062 3360 semel
1073 3309 1145 3376 poni,
1157 3314 1188 3361 ut
1205 3309 1233 3362 in
1252 3311 1360 3364 eadem*
1418 3364 1421 3372 ,

233 3389 264 3441 ni
274 3403 328 3440 non
338 3387 457 3440 soleantr
474 3387 538 3456 quia
550 3400 644 3444 ancon
657 3390 698 3441 est
709 3402 774 3441 con·
808 3385 861 3437 hac
872 3385 991 3436 oratione
1001 3389 1063 3437 ante
1073 3387 1130 3453 ipsc
1138 3387 1232 3440 Cicero
1239 3389 1345 3457 posuit:
1377 3380 1380 3386 ’

228 3465 335 3534 junctio
347 3463 515 3530 disjunctiva,
527 3467 555 3515 et
570 3479 674 3531 semper
682 3467 792 3532 postu,
809 3460 863 3526 Sic,
872 3463 983 3532 inquam,
994 3481 1029 3527 re,
1042 3463 1156 3530 Judicea,
1166 3482 1208 3519 rer
1217 3466 1348 3533 habetne·

233 3541 561 3609 latutrursusinieratur‚
574 3545 606 3594 ut
623 3559 687 3595 cum
709 3542 774 3596 dici·
809 3558 858 3611 que
880 3541 926 3594 dor
942 3560 960 3594 ο
976 3560 1016 3594 me
1030 3560 1121 3596 aerum
1139 3545 1351 3616 drtpaarnaad

232 3641 303 3690 mus,
313 3620 457 3692 aequatos,
467 3619 629 3690 aequemur.
653 3621 715 3685 Quo
727 3636 774 3673 au·
811 3620 942 3690 qrroeritum
958 3619 990 3672 ub
1005 3620 1064 3674 aliia
1082 3631 1127 3676 eet.
1161 3624 1362 3679 Sedirocioco·

235 3709 290 3758 tem
298 3719 363 3755 casu
375 3699 511 3766 acciderit,
522 3712 609 3768 quave
620 3699 731 3766 ratione,
743 3703 775 3751 ut
811 3702 839 3750 et
848 3699 904 3750 sine
916 3699 1103 3767 praepositionc
1111 3700 1180 3753 illios
1189 3703 1264 3755 verbi
1276 3704 1349 3756 vide·

235 3781 288 3834 hoc
309 3782 369 3834 ioco
384 3779 479 3832 Cicero
498 3778 550 3830 hoc
568 3776 649 3831 verbo
660 3776 700 3831 ita
709 3793 775 3830 usus
811 3793 872 3834 mus
883 3792 940 3829 esse
951 3778 1076 3846 positum,
1087 3781 1115 3830 et
1126 3783 1288 3848 tamen‘post
1309 3797 1351 3833 ae-

238 3860 281 3923 sit,
300 3857 449 3926 prasertim
472 3874 537 3910 cum
556 3855 684 3922 adjecerit
701 3855 776 3907 iliam
812 3857 930 3908 cundum
954 3857 1053 3925 aliquid
1068 3857 1166 3910 inferri.
1202 3857 1348 3912 Namcum

236 3937 438 4006 appositionem,
448 3940 476 3989 et
487 3952 586 3995 nomeu
596 3934 716 3987 intulerit
729 3950 777 4002 po·
812 3935 890 3996 dixit,
902 3934 989 4004 Neque
1001 3935 1047 3988 doc
1061 3930 1125 3988 anie
1136 3939 1227 3988 nciam
1236 3937 1350 4006 dispectu·
1363 3969 1366 3974 -

237 4021 296 4069 stea
312 4015 433 4075 aiterum,
451 4029 540 4083 neque
562 4014 713 4082 perspicere
729 4030 777 4081 po·
812 4013 962 4078 tor·,infert‚
973 4014 1019 4066 red
1034 4013 1165 4084 quasdam
1179 4013 1211 4066 ab
1227 4013 1287 4068 aliis
1304 4027 1349 4071 est.

234 4093 286 4162 tui,
295 4097 323 4146 et
335 4091 529 4146 attendendum
540 4108 600 4151 esse
610 4091 690 4152 ualde
698 4096 774 4160 puto.
812 4092 920 4148 Asson.

556 4253 560 4265 ·
664 4221 794 4314 Prono
819 4258 922 4313 posu.

259 4373 777 4448 Attmm‘crarram]nicalte10rassus
814 4377 940 4431 Pontifex
957 4377 1105 4440 Maximus,
1116 4381 1145 4430 et
1161 4378 1233 4432 bello
1249 4381 1351 4436 An'sio-

167 4470 170 4485 ¹
237 4458 309 4519 idem
318 4458 360 4506 est
368 4454 402 4506 dc
414 4470 468 4521 quo
479 4455 699 4522 supradiximus:
710 4458 780 4509 alte.-
815 4457 871 4509 nici
882 4459 910 4509 in
922 4457 987 4509 Asia
999 4456 1074 4509 dedit
1085 4473 1193 4525 opernm
1204 4462 1235 4512 ut
1245 4462 1352 4516 occide-

239 4549 298 4592 [ιω
313 4536 406 4590 autem
424 4549 488 4584 eum
505 4534 629 4602 appellat,
640 4534 778 4602 quiaanta
817 4541 896 4588 retur.
922 4535 1009 4587 dulios
1020 4542 1111 4588 autem
1125 4554 1189 4591 cum
1200 4539 1274 4606 dicit,
1286 4541 1353 4595 duos
1371 4559 1374 4567 ·

240 4609 403 4674 mentionem
421 4610 485 4668 feeit
503 4612 534 4666 P.
546 4612 644 4681 Crassi,
656 4610 712 4682 ,qui
728 4611 794 4665 fuit.
817 4612 939 4668 Caesares
959 4613 1057 4670 iratos
1073 4615 1170 4671 Caium
1189 4620 1218 4672 et
1238 4619 1368 4673 Lucium*
