3234 5217
229 617 382 686 pmsederi,
390 620 422 670 ut
432 615 537 684 aliquis,
545 615 592 684 qui
601 614 699 682 majora
710 618 766 666 sto·
801 627 857 669 nou
877 617 959 684 videt,
981 619 1121 676 rerbomm
1146 591 1239 684 ordine

229 697 273 748 dio
292 694 483 764 diligentiaque
498 693 565 746 ritus
576 696 604 746 et
621 706 708 744 moros
719 707 766 744 uo-
801 709 860 745 esse
870 697 1072 766 perturbatum?
1089 701 1150 764 Quo
1168 707 1248 759 modo
1265 709 1338 765 enirn

228 773 362 844 tiquorum
388 771 541 837 observarit,
564 770 674 841 aliquid,
692 769 765 839 quod
801 773 1339 858 poliritheophraslunquimultisannis,

228 852 299 906 buno
320 853 408 905 locum
423 851 545 918 illustret,
564 850 709 912 invenerit3
737 852 765 900 et
801 852 882 918 atque
910 853 978 904 adeo
1005 857 1119 922 raeoulis,
1137 865 1198 913 ante
1219 863 1337 922 Lucium

225 929 287 982 baeo
296 945 378 983 cansa
386 929 445 993 luit,
460 945 508 983 our
519 927 688 981 adnotarem:
705 941 766 994 pro-
801 925 957 983 Cioeronem
969 938 1048 985 natus
1060 938 1108 1002 est,
1120 937 1153 990 de
1165 954 1197 991 eo
1209 943 1335 1014 cogitare,

225 1009 313 1077 posita
323 1009 394 1062 enim
407 1009 456 1061 bae
475 1007 634 1077 quaestione,
654 1011 701 1058 aut
718 1004 765 1074 qui
801 1010 849 1058 aut
860 1007 946 1076 loqui?
971 1011 1015 1064 Sle
1033 1009 1114 1080 igitur
1130 1017 1235 1072 ridetur
1246 1021 1336 1092 legen-

225 1082 277 1140 hoe
295 1087 505 1156 deprehenderit,
516 1087 582 1138 alios
599 1084 694 1136 dooere
708 1083 765 1135 ani·
801 1083 874 1148 dum,
892 1095 971 1140 reema
991 1089 1066 1156 enim,
1088 1093 1163 1158 Lisci,
1181 1099 1243 1153 mibi
1263 1101 1336 1157 iaeti-

225 1180 302 1219 mum
310 1167 429 1229 inducet,
439 1170 487 1217 aut
497 1165 645 1233 aliquorum
656 1161 765 1228 ingenia
799 1159 892 1218 luendo
912 1167 992 1220 matio
1011 1180 1055 1222 ert.
1090 1172 1180 1227 Omnia
1197 1183 1340 1238 auotoritas

225 1244 261 1296 ad
282 1245 316 1303 id,
329 1243 543 1311 investigandum
563 1238 761 1293 excitabuntur.
794 1240 968 1314 plilompliu‚
985 1257 1014 1301 ue
1024 1248 1060 1300 eit
1071 1248 1263 1323 Theophrastus,
1277 1278 1335 1314 0022.

224 1321 398 1390 Epigramma
409 1320 544 1390 quoddam
559 1316 603 1387 (ut
620 1318 692 1388 qnod
711 1331 761 1383 ego
797 1320 865 1373 sistit
883 1321 910 1374 in
931 1322 1002 1377 beata
1022 1325 1073 1380 aito
1094 1337 1268 1404 comparanda,
1284 1341 1336 1396 lae,

224 1398 356 1452 haetenus
366 1398 498 1465 indagavi,
509 1398 538 1450 in
548 1397 666 1449 medinm
677 1395 762 1464 prole·
797 1400 889 1454 Lena.

223 1477 296 1544 mm)
313 1477 376 1529 satis
393 1481 517 1544 argutum
535 1479 562 1528 et
582 1476 696 1542 elegans,
712 1474 760 1526 sed
832 1478 970 1534 Anienem
981 1483 1087 1550 Mene]
1107 1488 1231 1545 Valerius
1242 1493 1336 1552 Marri·

225 1571 322 1624 parum
336 1555 469 1622 integrum
481 1559 510 1606 et
519 1557 660 1624 purgatum
675 1552 760 1619 Virgi-
796 1572 856 1610 mus
865 1558 947 1613 VIII.
957 1565 983 1614 7.
991 1566 1017 1615 3.
1036 1563 1100 1618 Exi.
1110 1567 1157 1620 nbi
1169 1574 1258 1625 tamon
1268 1575 1336 1630 Ari·

223 1635 254 1688 lii
266 1635 373 1686 nomine
384 1633 491 1701 {egilum
512 1633 541 1684 in
561 1646 615 1700 quo
629 1631 759 1697 signifiea-
795 1651 841 1688 eeu
857 1651 905 1704 pro
923 1638 1034 1694 Amimu
1050 1657 1186 1712 perperam
1203 1651 1336 1721 scribitur,

225 1718 269 1771 tur
280 1719 370 1780 turpes
379 1709 508 1781 quasdam
519 1713 548 1763 et
557 1709 700 1762 obscoenas
714 1724 759 1762 vo-
796 1716 1021 1784 qoemadmodum
1030 1721 1152 1777 observat
1162 1726 1297 1785 Davisius.

222 1795 340 1861 luptater
352 1806 433 1859 prope
440 1788 557 1843 Tiberim
569 1787 687 1840 exemeri
698 1788 759 1840 aoli-
834 1793 904 1860 Vere,
915 1795 1029 1865 saum,
1039 1810 1217 1874 quererentur]
1239 1809 1334 1864 Viato-

220 1877 341 1932 insessa,
352 1861 535 1922 utdeeadem
550 1866 659 1918 sortasse
675 1881 704 1917 re
715 1865 759 1918 hio
795 1871 858 1936 rins,
867 1873 933 1928 Var.
940 1875 1015 1928 leet.
1024 1877 1089 1931 XV.
1098 1884 1123 1933 9.
1142 1880 1333 1957 Verqsaleune,

219 1949 334 2016 intelligi
345 1947 451 2008 debeat,
462 1944 533 2014 quod
545 1948 636 1997 tamen
652 1958 706 1996 non
722 1942 760 1995 al·
795 1963 950 2019 quinem,-
970 1955 1072 2023 supple,
1083 1957 1156 2014 alias,

220 2029 308 2080 firmo:
326 2025 392 2080 nihil
410 2025 480 2076 enirn
494 2023 558 2077 mibi
575 2024 610 2075 de
626 2021 677 2074 hoe
688 2038 760 2075 eom·
828 2030 965 2096 Ἀταμξίιι]
978 2031 1051 2086 Viet.
1061 2033 1139 2090 Man.
1152 2038 1333 2102 Grubdmln.

220 2109 383 2174 pertumert.
401 2102 520 2173 Vrcroq.
538 2101 685 2154 videnum
697 2101 759 2154 hoio
830 2104 982 2170 Premit]
1001 2109 1045 2162 Ex
1056 2119 1333 2188 eonsuetudinejurr's-

220 2186 280 2237 loeo
300 2183 462 2237 conveniant
483 2181 618 2250 piscatorii
637 2180 702 2243 ludi,
725 2182 759 2235 de
792 2185 984 2262 eonsullorum,
996 2189 1144 2260 apudqnos
1160 2199 1332 2271 proscribere,

221 2263 319 2332 quibus
327 2263 424 2315 Festus
435 2260 557 2314 meminit
564 2259 593 2311 iu
602 2274 667 2312 voce
676 2259 759 2328 pisea-
794 2265 836 2312 est
847 2263 981 2331 excipere.
1017 2266 1096 2321 Mra.

158 2395 160 2400 ,
221 2330 759 2406 τωᾰί,αιιῐ1ιιάἰηώυμι,ᾱεᾳηίῐ)υεπιευ-
828 2337 914 2412 Fecit]
933 2342 1110 2400 Lambdr'nit.

221 2419 260 2471 tio
271 2422 312 2470 est
320 2417 391 2486 apud
401 2417 520 2474 Suidam.
538 2416 640 2470 Unsrrr.
667 2417 758 2472 Ovidii
828 2416 944 2488 Desinis]
963 2418 1203 2482 Viot.Man.Grut.
1214 2431 1311 2502 definis.

220 2497 340 2550 versibus
348 2496 555 2559 addoelussum‚
563 2499 596 2546 ut
605 2509 653 2562 pm
663 2493 758 2548 dinen
826 2494 893 2563 Cap.
915 2501 957 2549 30.
988 2497 1052 2552 diem
1073 2504 1219 2579 expetenda]
1254 2512 1330 2570 vict,

218 2574 257 2627 sio
268 2573 412 2642 legendum
423 2577 543 2640 putarem
554 2572 682 2625 decursim
706 2573 758 2628 hoo
792 2571 869 2625 Man.
881 2590 956 2643 quem
964 2579 1107 2646 expetenda.

218 2653 332 2717 facilius,
343 2653 414 2721 qnod
425 2649 527 2704 Mnuaei
539 2655 568 2704 et
582 2651 666 2702 Tertii
684 2654 757 2704 rete-
827 2649 872 2702 Aa
883 2650 928 2704 loo
939 2668 1119 2725 soqroeqeaque,
1138 2658 1214 2714 aliter
1222 2663 1250 2716 ia
1264 2667 1327 2737 vien]

219 2743 262 2785 rer
283 2731 342 2784 libri
362 2730 543 2799 comprobant
579 2727 648 2781 Erat
665 2733 756 2792 antem
791 2728 863 2780 Haeo
879 2732 1011 2782 sententia
1030 2740 1079 2786 est.
1114 2737 1219 2791 Auboo
1232 2755 1330 2812 usque·

217 2806 300 2863 festus
313 2810 357 2863 ille
369 2809 433 2874 dies,
445 2824 526 2878 quem
538 2807 653 2860 Romani
665 2809 693 2860 in
709 2808 756 2861 bo·
790 2821 906 2876 quaque,
918 2808 946 2861 id
957 2813 1006 2875 est,
1017 2810 1045 2862 in
1057 2814 1129 2866 omni
1138 2829 1175 2879 re,
1183 2816 1327 2890 judicabis,

217 2904 309 2942 norem
318 2883 443 2941 Fortunae
455 2886 633 2940 celebrabant
662 2886 756 2940 Ovidi·
790 2900 886 2954 nempe
898 2889 1102 2959 unumquidque
1115 2907 1172 2947 esse
1193 2901 1329 2966 appellan-

217 2982 257 3032 us,
265 2964 340 3021 Fast.
352 2965 403 3019 VI.
413 2971 474 3021 77³.
509 2965 589 3018 Meu.
790 2963 854 3017 dum
867 2979 902 3016 ex
914 2965 1013 3032 majore
1029 2973 1111 3035 parte.
1140 2971 1222 3026 Verbi
1233 2980 1327 3047 maiia,

250 3048 318 3114 (Ἀρ.
329 3050 372 3099 27,
391 3044 460 3104 Quia
470 3062 528 3097 mm
538 3061 555 3096 a
566 3040 679 3118 zm]
701 3045 755 3098 pu.
788 3040 890 3094 bonum
905 3042 933 3096 id
950 3043 1070 3112 dicimus,
1082 3049 1154 3117 quod
1169 3051 1229 3121 plue
1244 3053 1326 3112 habet

213 3127 255 3178 tat
266 3125 400 3178 excellens
411 3124 518 3190 ingenio
528 3123 661 3189 Sigonius,
677 3123 754 3191 eujus
788 3118 860 3187 boui,
872 3137 952 3189 quarn
970 3125 1047 3178 mali:
1066 3132 1094 3178 el
1113 3128 1142 3180 id
1162 3130 1241 3184 duloe
1261 3136 1328 3190 diei·

215 3203 357 3271 aequiesoo
368 3200 516 3265 sententiae,
533 3200 670 3254 abundare
686 3220 752 3256 eum.
787 3212 856 3263 mus,
867 3201 940 3268 quod
951 3203 1011 3270 plur
1022 3203 1050 3256 in
1063 3218 1091 3258 se
1102 3209 1221 3263 eontinet
1233 3212 1327 3270 duee·

214 3283 245 3335 P.
259 3281 375 3334 Mereor.
402 3279 555 3332 Secundam
575 3295 671 3332 ronam
689 3298 752 3334 eum
787 3277 866 3342 dinis,
876 3295 956 3348 qoam
967 3285 1188 3348 senatoriaetite
1198 3289 1233 3342 de
1245 3299 1327 3348 eaete-

213 3355 752 3427 Sigoniomnnutioquenonsnstulerimg
786 3357 830 3408 ris.
863 3357 1050 3412 Aliterantem
1066 3362 1094 3414 in
1111 3364 1166 3416 vita
1184 3367 1325 3427 rehabere
1399 3367 1407 3382 ’

212 3438 304 3507 potios
315 3451 377 3488 vero
388 3436 573 3487 totumloeum
588 3435 628 3488 sie
639 3437 750 3491 refinxe.
786 3434 961 3502 existimabis,
979 3442 1007 3490 et
1024 3452 1078 3492 non
1096 3442 1131 3494 de
1148 3445 1205 3496 tota
1220 3449 1277 3501 vita
1288 3466 1324 3509 ex
1372 3465 1375 3474 ¹

212 3518 273 3580 rim,
292 3513 369 3578 Quia,
390 3531 447 3566 eum
468 3531 484 3566 a
503 3508 612 3578 Zenone,
638 3515 750 3584 inquam,
785 3511 885 3580 majore
895 3519 970 3582 parto
985 3517 1046 3570 vitae
1063 3518 1212 3585 judicabisl
1228 3524 1256 3578 id
1275 3533 1325 3599 ert,

213 3606 374 3666 eeaqmmee
392 3590 494 3646 oraculo
504 3590 596 3656 editur,
613 3592 696 3644 rirtns
715 3593 750 3644 ad
785 3607 840 3644 non
848 3592 982 3659 judicabis
994 3611 1053 3651 eam
1068 3597 1150 3652 vitam
1162 3601 1267 3658 beatam
1283 3625 1325 3662 aa·

211 3674 291 3728 beate
300 3670 444 3725 vivendum
456 3687 485 3723 se
496 3668 750 3737 ipsaeontenlaes13
786 3686 823 3736 ee,
837 3671 865 3724 in
876 3677 929 3740 q'ua
939 3675 999 3742 plus
1012 3675 1128 3745 sitboni,
1146 3683 1226 3750 quam
1243 3687 1323 3742 mali?

211 3751 307 3822 quare?
339 3749 493 3818 inquirenti,
518 3747 659 3816 reepmidet,
687 3747 751 3815 quia
785 3749 878 3803 Lens.
1369 3821 1373 3824 -

210 3827 345 3897 nisiquod
356 3826 497 3880 honestum
514 3825 624 3891 entire.
660 3823 750 3879 Devr-
820 3825 930 3898 Οωιινα]
949 3830 1323 3898 Men.Lamb.Grut.dalent

212 3921 277 3961 erus.
627 3921 631 3928 ’
784 3915 885 3960 sotem.

244 3983 426 4052 Sinum]
451 3985 552 4037 senene
563 3985 617 4036 eet:
635 3983 749 4035 nonim·
819 3984 939 4053 Consi.
957 3986 1040 4041 Stoici
1049 3989 1320 4062 milithietMan.

209 4064 288 4132 bediu
300 4076 354 4131 quo
364 4062 453 4115 minus
463 4061 653 4126 valetudinem,
665 4061 747 4125 uires,
784 4061 862 4116 Gaul.
875 4063 968 4120 Stoicis
976 4065 1042 4120 lieet.

207 4141 363 4210 reliquaque
372 4139 496 4208 eorporis,
506 4143 674 4192 uteteorum
684 4154 748 4193 oon·
818 4138 934 4212 Propter
955 4146 1094 4198 oculorum
1115 4147 1236 4218 dolorem]
1264 4153 1323 4209 Aut

208 4220 333 4283 dolentia,
351 4219 425 4272 dieas
436 4219 518 4273 bouet
536 4215 614 4270 sedai
625 4218 675 4270 ista
690 4218 761 4272 ma-'
783 4217 912 4273 erulorum
923 4221 1097 4290 deprevatum
1108 4231 1157 4287 en,
1170 4232 1216 4279 aut
1226 4229 1322 4285 Cicero

207 4292 235 4350 la
251 4298 352 4351 suntin
368 4313 428 4366 quae
446 4295 660 4366 potestinsidere
678 4298 746 4366 sapi-
782 4295 897 4352 sibinen
909 4305 1030 4355 constat:
1049 4316 1111 4352 nam
1118 4293 1271 4360 Tusculana
1281 4307 1321 4365 11.

208 4389 265 4439 ens,
282 4376 342 4428 dieo
362 4375 426 4428 satis
445 4375 480 4427 ad
502 4376 580 4427 beate
602 4373 745 4430 vivendum
782 4393 843 4444 cap.
863 4379 907 4431 25.
931 4396 1020 4432 renum
1048 4376 1139 4430 dolore
1161 4381 1322 4452 Dionysium

209 4463 265 4504 non
276 4458 377 4520 esseut
387 4453 484 4522 aliquis
494 4452 652 4522 opimant
687 4453 745 4507 De·
780 4454 854 4508 buno
863 4445 1026 4509 laborantem
1041 4462 1178 4514 memorat.
1195 4461 1226 4516 P.
1239 4465 1320 4522 Min.
1385 4507 1392 4522 .
1417 4481 1422 4492 ·

208 4542 309 4585 merus.
781 4533 816 4586 In
834 4534 995 4588 Tusculanis
1017 4532 1172 4590 Cioeronem
1194 4546 1321 4599 memorie
1388 4557 1395 4577 '

242 4608 361 4678 Caruili).
383 4608 478 4664 Tecum
490 4610 653 4679 enimffitait
664 4610 745 4664 Tlete-
781 4612 887 4680 lapsum
912 4614 1045 4680 puturlm3
1069 4625 1132 4676 oum
1160 4617 1320 4690 Dionysium
1347 4643 1349 4652 ’
