3234 5217
293 357 373 427 tm
637 355 1068 415 communem

254 553 257 559 ,
302 507 357 572 tun.
379 501 500 562 „Mollem
516 501 686 573 egoquroem
702 517 839 574 reponere,
911 502 978 572 Cep.
988 493 1415 572 semicaperque-troanie

302 582 405 638 diceret.
423 583 485 648 Sed,
495 597 556 634 oum
566 581 689 635 infinitivi
701 581 771 636 haud
781 599 841 636 reto
876 578 1148 650 nominetii,eoepoeie
1155 577 1315 630 mentionem
1327 575 1416 627 facere

191 670 193 677 '
304 661 395 715 sedem
407 662 540 726 occupent
550 659 785 722 substantivorum,
797 661 841 725 bio
877 676 984 730 prorsus
999 661 1041 711 est
1058 669 1300 724 supervacaneum:
1318 668 1417 720 corpus

305 738 373 793 sorte
385 738 444 791 talis
455 743 504 800 est,
516 743 547 790 ut
557 737 633 790 iilum
645 738 778 792 sollicitari
786 755 842 792 non
878 738 949 791 enim
957 735 1124 790 constituunt
1130 739 1157 786 et
1164 735 1327 800 componunt
1334 745 1419 782 mem·

213 871 215 881 ,
305 817 394 870 meat.
429 813 584 872 warrens.
878 817 934 869 bra.
953 817 1024 868 Cum
1032 815 1113 881 igitur
1124 813 1167 864 hae
1177 826 1256 864 voces
1267 809 1296 862 in
1308 809 1377 876 Rege
1390 812 1418 860 et

341 893 402 946 Non
409 891 575 964 intelligimus
582 893 632 946 nisi
643 903 729 966 operte
736 893 842 961 dixeris]
880 895 993 947 Cantab.
1004 910 1056 948 nou
1065 892 1246 960 compareant,
1254 905 1300 940 eas
1310 888 1418 940 omnino

307 971 410 1025 Versus
433 977 474 1024 est
497 972 684 1025 Pacuvianus:
706 987 788 1042 quere
806 973 845 1024 le·
880 967 1122 1026 delendasoenseo.
1158 968 1243 1022 lusu.

238 1111 243 1120 p
307 1049 427 1118 gendum
455 1067 506 1102 non
533 1047 717 1120 intelii'gimos5
743 1049 793 1102 nisi
821 1049 845 1103 ai
915 1050 983 1119 Cap.
994 1053 1038 1104 69.
1056 1045 1253 1100 Plenieneetine
1261 1040 1352 1116 pimus]
1365 1045 1417 1097 Le·

306 1137 394 1198 apetie
405 1127 507 1180 dixeris.
536 1128 566 1180 Si
583 1128 661 1180 modo
679 1128 714 1179 sit
728 1145 803 1197 opus,
815 1128 845 1180 it·
881 1130 1001 1200 gendum
1013 1130 1086 1196 puto,
1094 1123 1166 1197 pleni
1176 1125 1286 1178 enectine
1303 1125 1372 1176 tome*
1384 1124 1419 1176 ei-

306 1205 359 1258 lius
370 1204 512 1259 locutionis
524 1205 648 1274 exempla
666 1205 846 1273 suppeditabit
881 1223 953 1263 mas:
970 1208 1009 1260 si'o
1021 1206 1092 1258 enim
1104 1207 1209 1259 Iocutus
1225 1207 1267 1256 est
1276 1219 1357 1270 supra
1368 1201 1418 1253 boo
1494 1226 1497 1229 ·

309 1283 372 1338 Nic.
386 1285 514 1340 Heinsius
525 1285 560 1340 ad
572 1285 662 1338 Ovidii
674 1285 784 1338 Heroid.
793 1285 845 1338 IV.
881 1287 976 1340 eodem
994 1287 1062 1339 libro
1082 1300 1141 1352 cop.
1153 1286 1197 1337 36.
1216 1281 1294 1334 Nune
1307 1299 1365 1332 eero
1379 1280 1420 1333 in·

312 1365 372 1418 lll.
408 1363 510 1418 Divus.
881 1363 951 1418 eliseo
970 1363 999 1417 in
1018 1380 1101 1428 eooeo,
1124 1370 1149 1414 et
1161 1359 1239 1432 some
1258 1359 1418 1423 ermemiro.

344 1440 464 1508 (tepeo.
492 1441 695 1514 Megaris...de
705 1437 845 1504 Simonide]
884 1443 976 1495 Leuc.

310 1517 382 1572 Vide
394 1519 440 1572 lib.
452 1517 477 1574 1.
492 1536 551 1588 oap.
563 1524 607 1576 27.
919 1518 994 1574 Visos
1003 1527 1041 1572 est
1051 1516 1080 1570 in
1090 1511 1421 1570 somnieomieoeeeeeomio·

346 1596 410 1662 Qui,
432 1615 488 1650 enm
514 1595 679 1660 Ptolomeus]
717 1595 848 1652 Parisoi
884 1596 1053 1660 tenemieolo]
1075 1595 1153 1656 Idem
1170 1594 1303 1653 somnium
1322 1609 1421 1644 memo·

311 1671 389 1728 Med.
400 1675 468 1744 qood
477 1691 534 1730 oum
551 1674 711 1731 Ptolemaeos.
748 1673 849 1727 Sedet
883 1675 1079 1730 rentVsierius
1094 1674 1234 1727 Maximus
1253 1671 1299 1723 lib.
1316 1671 1340 1725 Ι.
1360 1688 1418 1739 cap.

265 1780 267 1788 ·
308 1751 849 1820 haecetiilavoouieprorsus‘supervaca·
884 1759 910 1807 7.
933 1758 959 1807 9.
982 1757 1086 1805 extero.
1111 1749 1269 1804 Plutarchus
1290 1749 1369 1802 Tom.
1393 1750 1417 1804 I.

310 1845 372 1884 neo.
399 1831 483 1898 Lege,
495 1831 622 1900 qoodote
629 1831 789 1900 protentum
797 1847 849 1885 esee
885 1847 946 1898 pag.
968 1835 1029 1884 213.
1053 1836 1082 1882 et
1111 1829 1207 1881 Suidas
1229 1827 1257 1880 in
1278 1828 1419 1884 'antitistes

311 1908 395 1963 miror
405 1909 522 1978 quidem.
551 1908 616 1962 Com
629 1907 789 1975 Ptolemenoi,
800 1909 849 1962 &ci
886 1909 1032 1961 Historiam
1044 1908 1124 1960 refert
1136 1907 1314 1973 Hieronymus
1329 1904 1358 1956 in
1373 1905 1423 1956 Jo-

313 1985 403 2040 lnsn.
885 1988 940 2041 rin.
955 1987 1000 2040 lib.
1013 1986 1035 2041 Ι.
1072 1986 1172 2039 Divis.

348 2063 563 2133 Dedeois‚qoem
571 2063 852 2136 mateoolpmpiosale·
921 2063 1041 2129 Remlit]
1069 2065 1166 2118 Lomb.
1190 2062 1237 2118 Ao
1257 2060 1421 2134 conjectorem

312 2137 372 2218 bot]
391 2140 429 2193 Iis
447 2141 479 2193 in¹
490 2142 557 2195 locis
573 2143 653 2210 vulgo
665 2143 853 2196 cicursbantur
886 2142 985 2197 retulit.

210 2276 212 2281 ,
314 2217 454 2286 dracones,
478 2223 509 2272 nt
530 2222 604 2289 patet
625 2237 659 2272 ex
683 2221 804 2273 Lucieno
821 2220 850 2272 in
922 2221 987 2290 Cep,
997 2225 1041 2276 71.
1060 2219 1125 2275 Com
1142 2217 1256 2273 mendaci
1273 2215 1375 2278 ionico,
1389 2233 1422 2268 Μ

314 2296 514 2352 Pseudomanti.
535 2297 607 2350 Vide
619 2298 654 2350 sis
666 2303 694 2350 ct
704 2297 740 2351 ls.
752 2299 851 2352 Casan·
886 2316 973 2352 oerum
990 2297 1089 2369 quidem
1108 2298 1203 2351 dicenti
1224 2297 1325 2363 eredere
1346 2292 1423 2345 soleo-

314 2373 417 2449 benum
426 2375 459 2426 ad
469 2374 731 2430 SuetoniiTiberium
740 2393 799 2447 cap.
807 2381 850 2431 72.
887 2384 954 2446 mooe]
972 2378 1085 2430 Sensum
1103 2377 1221 2444 flagitare
1240 2374 1353 2443 putabat
1370 2372 1424 2424 Da-

315 2449 404 2506 Inun.
428 2457 434 2472 '
585 2477 587 2479 ·
888 2454 977 2520 nisius,
990 2460 1020 2507 ut
1036 2455 1147 2523 tegatur,
1158 2451 1259 2507 eredere
1276 2467 1329 2503 non
1347 2448 1424 2502 soleo·

350 2529 451 2585 Matris
459 2526 854 2608 Phalaridis...jobentemonn·
888 2551 953 2587 moe.
987 2533 1058 2588 Mihi
1076 2533 1185 2602 quidem
1205 2531 1368 2598 negativum,
1384 2529 1425 2580 in·

315 2605 439 2677 modom]
461 2607 531 2662 Haeo
542 2611 631 2664 omnio
641 2609 700 2662 fuse
712 2617 853 2665 narrantur
889 2613 989 2664 coturni
1002 2629 1090 2673 sensu,
1104 2611 1246 2663 desiderari
1263 2625 1340 2678 posse
1352 2606 1424 2661 vide-

314 2685 361 2738 lib.
374 2685 398 2738 1.
411 2689 733 2755 superimminens.
752 2690 852 2744 Divus.
889 2694 951 2742 tur:
970 2691 1030 2760 quis
1051 2690 1122 2753 enim
1144 2689 1210 2745 iliud
1232 2687 1384 2757 requireret,
1401 2687 1424 2742 si

351 2761 396 2820 De
405 2781 487 2818 mereo
496 2765 547 2828 me]
564 2767 702 2821 Victorius
717 2768 800 2821 edidit
812 2769 853 2820 de-
890 2770 1017 2836 scriptum
1027 2767 1185 2832 videremus,
1196 2785 1253 2819 eum
1263 2764 1425 2818 mendacito-

316 2857 399 2896 mereo
416 2861 464 2897 me.
493 2845 642 2898 Lambinus
656 2845 853 2898 rescribendum
890 2845 955 2899 mini
963 2865 994 2898 ee
1005 2857 1058 2900 mm
1069 2845 1169 2916 quidem
1179 2845 1280 2896 eredere
1295 2842 1425 2905 soleamne,

317 2919 432 2986 conjecit
447 2922 477 2974 de
494 2924 605 2976 demereo
620 2941 666 2976 me.
701 2923 800 2978 Forsan
817 2927 855 2977 le-
890 2940 1043 2977 cumeorum
1054 2924 1133 2976 dicit?
1150 2939 1204 2991 qno
1218 2921 1425 2984 tameneodem,

297 3013 303 3020 ·
317 2998 438 3066 gendum
448 3000 479 3052 de
489 3019 583 3076 emerso
594 3019 649 3054 me:
666 3005 698 3053 ut
715 2996 823 3055 emensus
840 3020 855 3054 e
891 3002 914 3054 si
924 3007 996 3054 recto
1003 3002 1115 3064 videam,
1124 3000 1176 3053 ista
1184 3000 1271 3060 lectio,
1279 3014 1360 3066 quam
1366 2998 1426 3062 jam

235 3130 236 3135 χ
310 3070 421 3146 flendae
432 3077 606 3142 dieituriuba
619 3083 731 3151 cap-68.
766 3079 853 3142 luen.
890 3095 946 3150 prae
957 3079 1043 3136 oculis
1053 3077 1190 3143 babemus,
1200 3077 1304 3140 recidit.
1339 3075 1426 3137 Woe,

648 3547 1103 3652 DEuATO.

714 3761 915 3814 PRINCIPIUM
933 3762 1041 3817 DBES‘I.

464 4174 469 4187 ·
557 4202 561 4211 .
732 4145 1022 4208 ARGUMENTUM.

359 4286 516 4358 Persoriptie
524 4286 584 4358 jem
600 4285 682 4338 estes
699 4302 715 4336 o
727 4283 847 4338 oneum
858 4283 889 4335 de
899 4279 1002 4334 Nature
1014 4279 1130 4333 Deorum
1138 4278 1218 4344 libro,
1229 4278 1388 4348 obsoletoque
1398 4279 1431 4334 de

324 4357 489 4413 Divinatione
499 4356 594 4410 duobus
605 4355 676 4408 libris
692 4354 867 4424 disputatione,
884 4370 950 4405 ncne
965 4350 1124 4420 questionem
1138 4353 1168 4405 de
1179 4351 1248 4406 Fato
1257 4349 1385 4420 oeijongit,
1401 4358 1432 4404 nt

324 4437 350 4482 to
400 4428 442 4486 ille
470 4423 868 4497 iiiosopleioelo'euopeetroetoteo
880 4423 922 4484 eit,
958 4421 1078 4475 Pertinet
1088 4421 1273 4485 autemdicit,
1281 4421 1317 4473 od
1327 4428 1430 4489 portem

286 4509 289 4512 '
329 4496 335 4506 '
370 4516 396 4552 m
404 4498 449 4568 pt·
459 4497 573 4568 osoplsioe,
590 4513 646 4566 quo
666 4495 792 4559 dominum
812 4510 894 4548 morse
912 4490 1210 4562 coinquinationem.
1245 4490 1332 4545 Erant
1346 4500 1431 4543 eutem

323 4553 380 4626 ὅπερ
391 4557 625 4640 apueptibnptoe
635 4563 722 4634 affines
732 4563 913 4636 etpropinpoo
924 4561 1027 4617 aetolo:
1048 4563 1079 4618 de
1093 4562 1182 4634 omiss
1196 4560 1297 4633 magno
1312 4562 1435 4616 eontenti-

357 4689 365 4699 ν
