3234 5217
307 364 380 430 900
716 358 1010 418 cursionum

312 510 431 574 tertium,
446 523 527 578 quam
545 508 615 561 Cato
632 510 691 561 erat
705 507 854 560 absolutus.
891 506 963 558 ciliae
979 504 1014 558 ab
1032 521 1065 558 eo
1080 503 1228 568 dimissam,
1239 505 1432 566 assurrectum

314 585 532 655 Subscripseruut
550 584 653 638 Triario
673 586 701 643 ia
721 587 853 638 Scaurum
890 584 1097 646 existimaretur,
1108 599 1243 636 cumeum
1254 585 1433 653 ipseprobas-

315 663 350 716 11·
358 663 472 728 Marius,
485 661 853 726 1..ti1ius,M.erQ.1’scuvii
891 666 941 724 set,
952 678 1033 731 qnam
1045 662 1138 730 gratiae
1150 663 1323 731 acquisivisse
1335 681 1430 718 ueces-

314 741 419 807 intres,
426 744 586 810 cognomine
597 742 757 811 Claudiqui
767 743 803 800 ad
815 743 855 794 iu·
892 741 1016 798 situdinis
1023 741 1093 808 jure,
1104 742 1178 810 quod
1193 758 1229 794 es
1246 742 1342 796 eadem
1362 747 1433 794 uter-

314 820 487 888 quisitiouem
493 818 689 882 in‘Sardiuiam,
696 821 816 889 itemque
827 818 855 872 iu
891 835 944 888 que
955 819 1053 877 liberos
1062 818 1184 885 baberet)
1200 835 1290 888 neque
1310 821 1379 872 (lato
1396 820 1431 872 ab

281 936 285 944 .
314 897 451 960 Corsicam
470 898 571 958 insulas
582 899 640 950 dies
650 899 767 950 tricenos
778 914 856 958 acce-
892 897 1021 966 aequitate
1038 914 1080 960 ea,
1099 914 1161 966 quae
1177 905 1206 950 et
1223 897 1307 952 vitam
1325 898 1432 966 ejus,et

313 964 421 1043 perilot,
431 975 641 1045 nequeproteeti
650 976 857 1046 suntadiuqui·
891 976 1430 1046 magistratumillumdeoebat,quoquaru

313 1053 438 1106 rendum.
487 1053 573 1120 Cujus
594 1052 633 1106 rei
653 1054 722 1108 banc
744 1070 855 1107 oausam
891 1053 1009 1106 dederit
1045 1054 1188 1108 Postdiem
1198 1058 1289 1106 autem
1297 1059 1430 1123 quartum,

224 1168 227 1173 ·
313 1129 856 1201 reddebantqoodintereaoomitiacon·
891 1147 973 1200 quam
986 1134 1136 1200 postulatus
1147 1133 1335 1196 eratSoaurns,
1346 1132 1431 1184 Faus-

315 1209 515 1263 sulariabrtura
525 1215 616 1266 erant:
633 1212 728 1264 timere
742 1227 806 1279 ergo
817 1227 855 1275 se,
891 1215 936 1261 tus
947 1209 1021 1276 Sylla
1038 1213 1098 1262 tum
1115 1210 1251 1276 Questus,
1262 1210 1331 1262 tilius
1350 1209 1430 1276 Syllae

314 1302 350 1338 ue
361 1287 479 1348 Scaurus
489 1304 523 1342 ea
538 1289 662 1356 mannia,
673 1306 756 1359 quam
766 1291 801 1341 ab
813 1305 856 1342 so·
891 1287 999 1351 Felicis,
1009 1286 1134 1340 fraterex
1144 1287 1239 1347 eadem
1251 1295 1338 1340 matre
1350 1290 1433 1340 Scau·

315 1365 365 1418 niis
384 1365 547 1429 abstulisset,
559 1373 661 1420 emeret
677 1369 855 1429 consulatum,
891 1365 922 1428 ri,
932 1367 1046 1423 ‘servus
1063 1365 1123 1431 ejus
1139 1367 1293 1418 vulneratus
1312 1365 1432 1433 prosiluit

221 1473 236 1495 ι.
316 1445 346 1494 et
357 1441 426 1496 sicut
436 1447 512 1511 pater
520 1443 579 1509 ejus
586 1445 702 1512 lecisset,
710 1450 855 1513 autequam
892 1460 927 1497 ex
936 1444 1048 1504 lecticis,
1059 1448 1087 1496 et
1105 1449 1218 1512 questus
1236 1449 1278 1497 cst
1296 1443 1432 1512 pro'iute-

223 1521 226 1530 '
317 1519 353 1571 de
374 1535 408 1572 eo
425 1519 543 1587 judicari
560 1527 660 1591 posset,
671 1524 855 1592 magistratum
891 1526 1061 1589 remptoesse
1070 1522 1289 1590 competitoribus
1297 1521 1433 1587 Scauriet

315 1595 409 1661 iniret;
421 1615 551 1664 acrursus
559 1601 695 1656 antennas
706 1602 856 1669 provincias
892 1599 1029 1652 ambulare
1047 1615 1112 1652 cum
1126 1601 1253 1654 trecentis
1264 1602 1380 1664 armatis,
1390 1617 1433 1652 se·

315 1677 450 1744 spoliaret,
459 1695 540 1746 quam
557 1679 689 1734 rationem
705 1681 798 1748 prioris
809 1681 857 1733 ad·
892 1696 954 1748 que,
966 1679 988 1732 si
1001 1695 1112 1732 necesse
1122 1684 1201 1748 esset,
1209 1680 1263 1732 vim
1274 1681 1301 1732 vi
1311 1673 1441 1748 repulsn·'

316 1755 518 1810 ministrationis
555 1758 686 1812 redderet
739 1760 858 1812 Scaurus
892 1773 961 1809 rum.
987 1756 1176 1809 Defenderunt
1186 1759 1314 1810 Scaurum
1325 1773 1372 1810 sex
1383 1773 1433 1824 pa·.¹

317 1835 582 1899 summamtidueiam
592 1836 622 1888 iu
632 1837 737 1904 paterni
743 1837 857 1898 nominis
893 1839 1045 1898 ironicum
1057 1836 1093 1887 ad
1110 1835 1139 1887 id
1158 1841 1262 1904 tempus
1279 1834 1431 1902 raroquis-

319 1911 459 1977 dignitate,
478 1929 613 1979 magnam
626 1915 655 1966 in
675 1915 725 1967 Cn.
735 1916 857 1983 Pompeii
893 1930 976 1982 quam
986 1913 1109 1981 pluribus
1117 1930 1199 1984 quam
1215 1917 1328 1982 quatuor
1341 1918 1432 1966 utere·

317 1989 416 2056 Magni
424 1992 578 2058 reponebat.
603 1992 734 2056 Habebat
744 1994 815 2046 enim
827 1995 857 2046 fi·
893 1997 952 2044 tur:
971 1995 1000 2043 at
1008 1997 1069 2060 post
1081 1992 1152 2045 bella
1160 1993 1249 2045 ciuilia
1258 1996 1321 2044 aute
1340 1992 1431 2058 legem

316 2066 385 2120 lium
394 2067 537 2122 liberorum
545 2070 594 2122 Cu.
603 2070 724 2139 Pompeii
734 2071 856 2132 tratrem:
893 2069 995 2122 Julian]
1004 2071 1039 2122 ad
1049 2071 1435 2138 duodenospatronosestper·¹

317 2161 382 2198 nam
392 2145 513 2212 Tertiam
524 2149 653 2210 Scaevola*
664 2150 755 2215 tiliam,
767 2151 858 2210 diruis·
894 2153 1022 2201 ventum:
1040 2149 1149 2213 tirerunt
1167 2155 1258 2202 autem
1278 2149 1306 2202 bi
1330 2165 1379 2202 sex
1401 2149 1434 2210 P,

317 2239 374 2276 sam
395 2240 413 2283 a
437 2225 575 2294 Pompeio,
600 2227 630 2279 in
656 2230 858 2289 matrimonium
894 2228 1007 2290 Clodius
1026 2227 1148 2295 Pulcher,
1165 2229 1208 2282 M.
1221 2228 1376 2291 Marcellus,
1389 2227 1431 2280 M.

319 2301 443 2354 duxerat.
460 2301 503 2356 M.
512 2304 750 2370 Catonemautem,
767 2308 856 2375 quiid
894 2306 1024 2370 Calidius,
1035 2306 1077 2366 M.
1089 2307 1194 2371 Cicero,
1202 2305 1245 2360 M.
1255 2305 1377 2358 Messala
1384 2303 1432 2356 Ni-

314 2379 460 2454 judicium,
470 2384 502 2432 ut
512 2381 638 2447 diximus,
646 2386 858 2448 exercebatme-
893 2401 949 2452 ger,
971 2384 1007 2448 Q.
1029 2385 1208 2438 Hortensiuss
1236 2385 1295 2452 ipse
1326 2398 1431 2453 quoque

317 2457 413 2513 tuebat
427 2457 572 2516 admodum
583 2466 691 2530 propter
702 2464 858 2529 amicitiam,
894 2465 1010 2516 Scaurus
1022 2463 1091 2516 dixit
1101 2480 1149 2532 pro
1165 2479 1203 2529 se,
1220 2480 1253 2516 ao
1272 2455 1432 2530 magnopere

318 2552 380 2605 quae
393 2537 498 2593 eratilli
509 2539 690 2596 onm'l'riario.
715 2542 787 2594 Nam
796 2543 859 2596 Fla·
889 2539 1436 2610 judicesmovitetsqualoreetlacrymis,

318 2613 404 2666 miuia
413 2614 510 2676 Triarii
521 2622 613 2682 mater,
624 2622 653 2684 et
669 2618 727 2686 ipse
737 2620 857 2674 Triarius
894 2627 922 2674 et
937 2621 1086 2676 AEdilitatis
1101 2621 1186 2672 etlusa
1202 2621 1340 2682 memoria,
1353 2635 1384 2670 ac
1397 2619 1434 2669 la·

319 2708 436 2745 sororem
447 2694 557 2749 Catonis
569 2696 717 2760 Serviliam,
727 2714 789 2764 quae
800 2715 858 2752 ma·
893 2715 955 2754 vore
963 2699 1094 2768 populari,
1105 2713 1137 2750 ac
1157 2698 1292 2767 praecipue
1314 2704 1437 2765 paternae,

317 2775 359 2824 ter
370 2771 414 2824 M.
424 2772 503 2825 Bruti
515 2773 573 2837 init,
584 2773 749 2838 familiariter
764 2776 858 2846 dilige·
894 2778 1060 2830 auctoritatis
1072 2777 1264 2848 recordatione.
1298 2776 1404 2830 Ascua.

209 2833 228 2882 ¹·
316 2849 373 2902 bat.
409 2849 452 2903 Ea
462 2867 539 2918 porro
555 2852 589 2903 ad
609 2850 741 2906 Catonem
760 2859 858 2908 mater·
929 2856 1047 2910 Maxime
1055 2854 1115 2925 suit
1137 2855 1286 2926 optandum]
1305 2853 1434 2920 Principis

317 2945 382 2981 nam
392 2928 532 2980 obtinebat
542 2930 736 2984 auctoritatem.
763 2929 819 2986 sed
828 2934 857 2986 iu
893 2952 940 2988 um
951 2936 1003 2988 hoc
1012 2941 1053 2989 est
1064 2935 1198 2998 orationis,
1206 2933 1432 3003 quemadmodum

317 3023 351 3059 eo
365 3005 469 3073 judicio
488 3023 577 3077 neque
590 3009 734 3077 Pompeius
744 3027 857 3082 propeu-
893 3014 930 3067 D.
942 3015 1120 3084 Augustinus,
1132 3020 1160 3067 et
1180 3011 1384 3066 Fortunatianus
1401 3010 1433 3072 in

318 3101 380 3137 snm
391 3084 553 3150 adjutorium
571 3087 693 3154 praebuit,
704 3088 858 3154 (videbatur
893 3091 942 3144 sua
962 3098 1074 3161 uterque
1094 3093 1240 3145 Rhetorica
1257 3091 1372 3153 tradunt,
1383 3091 1432 3146 nbi

318 3162 391 3228 euim
401 3163 473 3229 apud
484 3163 604 3232 animum
615 3162 675 3230 ejus
694 3181 749 3234 non
768 3167 858 3222 misius
893 3171 1019 3239 aguntde
1028 3172 1130 3224 ratione
1137 3171 1326 3224 exordiendiin
1334 3187 1433 3244 genere

319 3240 471 3292 offensionis
481 3242 656 3309 contraxisse,
668 3245 741 3313 quod
759 3245 859 3313 judiei-
894 3265 983 3308 causae
995 3249 1153 3322 ampliusue.
1188 3245 1284 3318 Slobtt.

319 3335 365 3394 um
375 3317 434 3384 ejus
444 3317 472 3385 in
480 3319 609 3395 Mutiam,
620 3322 732 3390 crimine
741 3316 858 3396 impudi-

571 3518 577 3530 ·
617 3496 734 3558 CIRCA
752 3500 863 3557 VERS.
881 3503 905 3557 Α
925 3502 1051 3558 PRIMO
1070 3504 1162 3564 XL...

296 3698 302 3706 ¹
353 3629 401 3683 Cn.
423 3628 550 3699 Denuo]
579 3630 787 3702 cmDomitius,
809 3640 859 3708 qui
898 3639 1433 3712 axxxrr.absolveretur,etinoispaoca

318 3708 412 3778 consul
432 3707 482 3760 luit
496 3724 559 3760 oum
578 3709 681 3775 Cassio,
703 3730 765 3766 cum
786 3722 858 3769 essct
895 3721 997 3785 puncta
1005 3720 1074 3780 inter
1085 3717 1283 3774 damnationem
1293 3727 1321 3775 et
1329 3723 1446 3785 absolu.¹

318 3787 498 3856 Tribunuspl.
506 3788 589 3841 iratus
598 3789 700 3843 Scauro
709 3797 782 3861 quod
794 3813 858 3848 curn
895 3795 995 3858 tionem
1007 3795 1174 3851 interessent.
1209 3797 1313 3852 Asccu.

316 3868 345 3933 iu
364 3867 505 3943 Augurum
520 3867 662 3935 collegium
676 3887 729 3924 nou
749 3883 859 3943 coapta·
931 3873 955 3925 A
971 3873 1004 3932 Q.
1017 3871 1126 3926 Seruilio
1139 3865 1265 3944 Cepione]
1285 3877 1319 3941 Q.
1330 3876 1434 3944 Servili-

317 3949 401 4008 scrat,
413 3944 484 4020 diem
505 3945 531 3997 ei
551 3945 621 3999 dixit
632 3950 667 4002 ad
679 3947 817 4020 populum,
830 3957 870 4005 ct.
895 3967 928 4002 us
948 3951 1041 4019 Caepio
1068 3954 1199 4006 Scaurum
1227 3954 1264 4006 ob
1294 3958 1434 4023 legationis

317 4024 447 4076 mulctam
461 4023 594 4090 irrogavit,
602 4029 679 4104 ‘quod
701 4029 761 4093 eJ'us
777 4031 858 4096 opera
895 4029 1024 4082 Asiaticae
1038 4031 1166 4084 invidiam
1176 4036 1204 4083 et
1216 4035 1342 4087 adversus
1361 4037 1433 4104 leges

317 4118 393 4154 sacra
403 4102 489 4153 multa
495 4103 588 4170 populi
597 4104 712 4158 Romani
720 4107 858 4158 deminuta
895 4109 1070 4174 pecuniarum
1081 4115 1228 4176 captarum,
1236 4128 1310 4166 rcum
1321 4113 1383 4167 lecit
1393 4132 1434 4171 re·.

317 4195 377 4233 esso
394 4179 507 4256 diceret.
533 4177 659 4250 'Crimini'
674 4184 763 4247 dabat,
781 4201 858 4238 sacra
894 4186 1082 4254 petendarum,
1094 4188 1161 4254 lego,
1174 4206 1261 4258 quam.
1269 4193 1331 4243 tulit
1347 4193 1434 4245 Servi·

317 4258 428 4326 publica
439 4259 531 4326 populi
543 4260 660 4323 Romani
679 4263 759 4314 deum
770 4263 857 4314 Pena·
895 4264 946 4315 lius
958 4265 1080 4318 Glaucia.
1098 4267 1214 4328 Scaurus
1223 4274 1298 4321 tanta
1309 4270 1359 4323 suit
1370 4287 1435 4324 con-

317 4338 394 4398 tium,
406 4353 467 4404 quae
482 4335 587 4400 Lauinii
597 4341 698 4411 fierent,
709 4341 856 4408 operaejus
894 4342 1000 4409 stantia,
1024 4348 1052 4394 et
1080 4345 1162 4404 animi
1184 4347 1378 4414 magnitudine,
1402 4354 1434 4402 ut

318 4413 406 4466 minus
417 4417 488 4466 recte
498 4419 572 4467 caste
584 4417 648 4468 tieri.
673 4417 735 4481 Quo
746 4418 856 4478 erimine
894 4420 1049 4488 Caepionem
1063 4429 1155 4488 contra
1170 4442 1245 4486 reum
1262 4427 1394 4490 detulerit,
1407 4433 1436 4495 et

317 4492 454 4546 absolutus
474 4497 516 4544 est
533 4494 651 4558 Scaurus
669 4497 785 4564 quidem,
808 4497 856 4550 sed
894 4497 1012 4552 breviore
1024 4499 1067 4550 die
1084 4501 1262 4570 inquisitionis
1273 4491 1451 4572 acceptior-J

316 4569 363 4637 ita,
374 4572 404 4651 ut
416 4587 433 4627 a
449 4570 533 4659 tribus
546 4571 666 4639 tribubus
676 4575 856 4644 damnaretur,
894 4577 995 4647 feccrit,
1007 4582 1038 4632 ut
1054 4578 1099 4645 ille
1110 4583 1182 4650 prior
1193 4597 1302 4636 causam
1314 4582 1416 4644 diceret
1425 4601 1449 4658 ι,
