3234 5217
121 349 137 420 .·’
266 350 341 453 ιιι
651 338 1004 433 ramulum.

189 579 190 586 ι
210 504 463 611 suavitates,
488 533 596 614 atque
604 534 643 591 ut
657 499 737 593 olim
752 534 903 593 tueretur
918 548 1019 617 quas
1013 524 1160 596 baberet
1164 524 1268 614 probe
1282 546 1357 611 σος-

219 637 368 715 nitas,
382 632 763 724 nascentiplanaonnnia
764 643 914 724 ,aperta,
931 636 1090 725 expedita
1104 638 1230 703 iecisse.
1242 634 1355 721 Quod
1417 630 1440 674 ’-

210 809 213 814 .
243 805 253 823 χ
273 747 380 813 multo
390 750 498 835 majus
513 755 575 829 est,
588 748 712 835 quippe
734 747 810 813 binc
829 746 1038 827 firmissima'
1029 767 1063 811 ιι
1077 768 1172 814 omne
1187 745 1357 811 homiuum
1372 783 1376 785 ·

273 878 379 944 genus
393 856 534 921 felicitas
549 856 752 921 derivabitur
761 882 771 934 ;
788 858 860 943 jam
875 857 909 951 in
933 856 994 923 illa
1019 862 1127 937 aetate,
1143 866 1176 921 et
1189 854 1284 943 quasi
1298 874 1357 919 uu-

148 1037 151 1043 ,
271 988 360 1049 rora,
375 965 513 1053 igniculi
532 986 624 1032 acres
645 966 787 1054 emicant
808 987 847 1031 ac
861 966 975 1049 vividi,
999 965 1057 1055 qui
1079 964 1122 1029 ad
1144 964 1356 1051 comprehen-

274 1074 415 1141 dendam
428 1075 560 1141 honesti
585 1076 733 1159 formam,
755 1070 1026 1166 indagandosqire
1046 1075 1227 1141 officiorum
1250 1077 1356 1141 fontes

152 1270 158 1281 Ι
269 1206 335 1251 sua
346 1192 464 1273 sponte
475 1193 663 1251 currentem
676 1187 834 1254 excitent
871 1186 977 1279 Quam
993 1186 1117 1252 adrem
1133 1206 1206 1285 cum
1221 1208 1284 1290 ego
1299 1185 1361 1249 du·
1400 1207 1403 1211 ·

264 1316 345 1361 cem
359 1295 519 1382 optimum
542 1295 613 1359 tore
634 1295 787 1362 Tullium
808 1318 874 1361 non
901 1297 1059 1375 dubitem,
1080 1274 1163 1361 nihil
1187 1286 1356 1381 antiquius

209 1475 212 1483 ,
252 1429 270 1485 j
272 1405 336 1472 boc
350 1427 450 1493 opere
465 1404 585 1485 habui,
589 1408 679 1493 quod
692 1413 817 1471 tantam
833 1407 958 1496 publici
969 1408 1048 1472 boni
1063 1416 1239 1473 sementem
1255 1404 1358 1471 conti·
1396 1426 1398 1429 ·

209 1566 211 1569 -
273 1524 395 1581 neret·
421 1515 463 1580 In
484 1537 526 1580 eo
538 1538 606 1604 qua
617 1515 662 1580 sit
673 1515 770 1581 labor
783 1539 874 1581 meus
890 1518 966 1599 lide,
985 1519 1183 1599 constantia,
1194 1517 1356 1602 religione

207 1701 211 1711 ι
274 1634 435 1709 versatus,
460 1626 541 1691 milri
561 1625 711 1705 conscius
735 1626 805 1712 ipse
827 1648 918 1690 sum:
942 1648 1009 1713 quo
1035 1646 1196 1707 successu,
1216 1625 1358 1689 viderint

267 1737 424 1803 ,homines
438 1735 561 1800 eruditi
575 1760 585 1813 ;
608 1755 692 1821 quos
712 1756 777 1823 ego
798 1735 981 1817 universos,
996 1737 1085 1823 quod
1100 1736 1171 1821 jam
1185 1734 1248 1799 feci
1262 1733 1355 1813 aliae,

273 1868 387 1934 quaeso
397 1854 499 1933 atque
508 1847 669 1928 obtestor,
678 1866 720 1909 ne
730 1855 883 1913 recusent
894 1846 1014 1911 omissa
1026 1866 1215 1933 suggerere,
1226 1852 1260 1908 et
1271 1843 1356 1909 male

274 1954 384 2042 posita
398 1956 582 2022 emendare.
611 1955 735 2024 Audivi
750 1958 849 2039 enim,
864 1965 897 2021 et
912 1958 1010 2022 certis
1025 1944 1067 2022 ad
1082 1979 1133 2021 me
1147 1955 1272 2021 nuntiis
1283 1976 1357 2041 per-

273 2064 378 2131 latum
394 2075 455 2147 est,
466 2067 529 2133 ubi
541 2069 704 2146 nostratia
717 2090 737 2133 e
751 2068 987 2135 Parisieneium
1009 2067 1147 2133 officinis
1161 2074 1288 2131 exeunt
1300 2088 1356 2131 vo·

273 2175 658 2261 lumina,.bae,ceadem.a
670 2178 923 2245 Geuevensibus
939 2178 1151 2265 typographis
1166 2176 1369 2269 instaurari.¹

268 2285 398 2375 Atque.
412 2289 536 2376 utinam
551 2312 617 2355 non
630 2292 859 2371 instaurentur
873 2288 981 2369 modo,
996 2288 1054 2353 sed
1067 2286 1155 2377 curis
1173 2286 1356 2373 opibusque

185 2443 187 2446 ψ
275 2396 449 2463 doctorum
461 2400 619 2481 virorum,
639 2400 697 2486 qui
718 2409 753 2465 et
772 2399 846 2487 illic
866 2406 901 2463 et
915 2399 1103 2488 ubicunque
1116 2400 1246 2480 florent,
1262 2405 1358 2463 aucta

207 2557 209 2560 -
266 2506 532 2595 locupletentur.
578 2508 656 2575 Una
671 2532 722 2575 me
737 2510 828 2597 etad
843 2507 1086 2595 suscipiendum
1109 2530 1192 2595 opus
1215 2506 1358 2595 impulit,

267 2626 309 2684 et
323 2618 412 2685 iuter
424 2620 598 2691 continuas
618 2620 843 2709 prosequendi
864 2618 1031 2705 molestias
1054 2616 1252 2682 sustentavit
1273 2638 1359 2681 com:-
1468 2660 1469 2663 ,

268 2729 382 2794 munis
396 2729 552 2807 utilitatis
565 2730 776 2817 expectatio:
797 2752 866 2817 qua
882 2728 961 2791 item
975 2726 1173 2791 commoveri
1187 2725 1285 2789 velim
1299 2725 1358 2789 bu·

121 2861 126 2871 ·
170 2915 172 2920 ,
268 2842 326 2925 jus
339 2838 495 2902 editionis
509 2838 832 2932 tumemeudatores,
858 2844 927 2921 tum
942 2835 1153 2925 perfectores
1197 2832 1359 2899 Obscura-

266 2955 330 3009 .tnr
344 2966 423 3009 sane
438 2966 556 3008 nomen
571 2965 689 3020 meum,
705 2942 989 3017 dumillustretut
1009 2941 1139 3024 Cicero,
1156 2940 1198 3006 ad
1217 2964 1358 3032 eumque
1467 2985 1472 2997 =
1516 2959 1520 2968 “

269 3052 515 3140 ¹degustandum
536 3054 565 3117 'ii
589 3051 801 3141 adjuventur,
825 3052 883 3140 qui
908 3051 1041 3117 student
1065 3060 1155 3117 recte
1184 3074 1299 3141 sapere
1325 3062 1360 3119 et

272 3163 429 3244 scribere.
472 3160 570 3241 Quod
582 3184 662 3227 vero
677 3165 712 3228 in
727 3164 815 3229 hunc
836 3164 1083 3248 annotationum
1099 3164 1168 3256 sive
1181 3164 1356 3249 delectum,

148 3352 152 3362 ι
271 3274 344 3338 sive
358 3273 500 3352 cinnum,
513 3271 845 3364 admiscuilnonnulla
859 3273 900 3361 de
914 3296 997 3355 meo,
1007 3274 1099 3345 ,nihil
1113 3272 1272 3363 ejusmodi
1287 3275 1358 3364 pol-

257 3382 405 3448 licitus:
427 3405 489 3469 pro
503 3381 613 3469 gratia
630 3404 669 3449 ac
688 3382 799 3470 laude,
817 3406 914 3470 quam
938 3384 1091 3470 profecto
1107 3386 1233 3453 nullam
1248 3388 1357 3451 ferunt

272 3503 339 3560 tam
340 3516 470 3583 pauca,
483 3501 618 3578 tamque
633 3494 739 3577 nihili,
754 3494 882 3561 veniam
899 3503 988 3582 peto,
999 3497 1088 3582 quod
1103 3519 1163 3567 uec
1174 3499 1281 3595 plura,
1295 3518 1356 3561 neo

198 3661 200 3666 .
270 3604 423 3669 meliora.
467 3603 605 3670 Talibus
618 3604 857 3693 excogitandis,
870 3604 1131 3673 describendisve
1152 3629 1275 3672 moram
1290 3626 1356 3671 nou

226 3776 228 3782 .
272 3716 395 3781 dabant
407 3738 639 3781 snuuurssmrn
642 3739 763 3804 ,quem
777 3723 891 3803 specto
905 3716 1011 3798 unice,
1030 3738 1214 3783 nunnurur
1232 3725 1356 3801 tempo-

253 3848 333 3893 rat
355 3827 418 3894 cui.
430 3827 623 3915 propediem
639 3852 658 3894 e
681 3828 861 3900 Musarum,
874 3828 1099 3913 complexibus
1124 3802 1273 3917 abrepto*
1288 3825 1356 3890 vita

199 3997 202 4002 ⁴
271 3935 442 4022 alia‘alias
460 3960 557 4003 curas
577 3938 723 4005 allatura
741 3946 802 4033 est.¹
846 3936 940 4027 Opus
962 3936 1024 4001 fuit
1045 3946 1171 4003 mature
1186 3936 1282 4016 sacto,
1311 3956 1353 3999 ne

272 4046 418 4114 muueris
431 4047 572 4116 fructum
590 4050 728 4115 tarditas
742 4056 980 4135 corrumperet.
1346 4030 1348 4035 ’
