3234 5217
517 356 548 401 x'
609 361 911 424 resonasse

241 518 352 588 esim
378 511 606 572 autumnoue
624 513 660 566 de
681 511 742 571 ledes
778 504 1024 576 timeonsuletum
1041 511 1133 564 metri
1172 528 1194 557 κ·

207 598 279 653 Nam
291 595 424 662 judicium
439 608 548 662 queque
562 596 685 648 secutum
703 606 743 644 re·
779 586 1187 667 Syllmedturbandumststum

205 675 392 743 petendarum,
413 689 430 729 a
445 687 499 742 quc
514 673 572 738 ipse
583 685 631 738 per
640 669 744 722 intami-
779 669 915 734 petentem
925 666 1067 731 occiderat,
1074 664 1152 732 jussu
1161 667 1241 734 Syllae
1249 671 1314 722 tunc

207 753 389 809 sumeretur
404 755 446 806 est
461 749 702 808 Catiliumsedita,
713 751 745 799 nt
781 744 926 800 dictatoris·
962 742 1049 798 Ineu.
1253 766 1255 770 ·
1416 751 1420 759 “

207 846 270 885 eum
276 835 428 886 senatorum
438 826 746 892 marmoreosque·
816 819 967 891 maome]
984 821 1076 889 Hujus
1091 824 1182 876 autem
1200 823 1316 878 cummis

207 911 265 961 tum
275 914 303 961 et
313 909 479 962 tribunorum
493 906 650 958 absolmret.
686 904 732 958 ln.
781 900 938 970 periculum,
947 900 1021 969 qued
1032 899 1126 966 objicit
1138 900 1241 966 Cicero,
1251 917 1317 968 pau·

242 986 380 1056 Africanis
400 983 556 1047 metocides]
582 982 694 1050 Legatis
709 999 746 1036 ex
781 976 1224 1046 uospostmensesCatilinasubiit.
1253 979 1319 1032 Post
1383 981 1385 987 '

113 1077 116 1085 ’
208 1063 309 1127 diues,
320 1066 368 1134 qui
381 1063 416 1116 de
427 1063 572 1130 tetuisque
589 1059 755 1127 depraedati·-
781 1057 877 1112 edecta
896 1056 966 1110 enim
987 1055 1100 1110 comitia·
1114 1057 1270 1124 cumulatis,
1290 1061 1319 1111 et

207 1139 746 1210 ouibusetexpilationibnsgravitersunt
782 1135 905 1188 Catilinae
925 1135 1069 1202 repulsam,
1085 1134 1148 1187 lecit
1163 1151 1226 1189 eum
1242 1151 1317 1189 mum

208 1223 305 1289 questi,
315 1220 521 1289 quorumerstio
529 1217 568 1270 ita
577 1217 745 1284 senatuiper·
781 1215 852 1268 inter
871 1209 981 1266 similos
1004 1214 1036 1268 L.
1055 1214 1186 1269 Lucullus
1210 1220 1318 1282 paratus

209 1304 337 1364 suasemt,
347 1302 451 1354 utcum
470 1302 498 1353 te
508 1295 639 1364 equitum,
656 1293 747 1348 et‘tn‘·
782 1293 966 1362 eruditumque,
983 1293 1030 1362 qui
1045 1296 1138 1361 postea
1149 1295 1319 1349 consulatum

205 1373 342 1431 hunorum
368 1376 485 1430 decuriae
511 1373 687 1436 absolverent,
707 1371 746 1425 illi
783 1387 889 1442 quoque
900 1371 985 1439 petiit.
1020 1371 1106 1424 lusu.

209 1470 316 1522 prorsus
326 1455 543 1510 condemnarent.
578 1451 695 1504 Preme.
818 1447 932 1520 Comen]
951 1448 1035 1502 Fabia
1045 1451 1118 1517 virge
1129 1449 1246 1504 Vestalis
1257 1467 1320 1505 eeu·

245 1533 288 1586 Ad
308 1529 430 1603 epium]
459 1531 594 1599 Equester
614 1530 680 1582 erdo
699 1544 746 1598 pro
783 1542 840 1580 sam
856 1527 951 1582 incesti
963 1529 1077 1592 dixerat,
1094 1530 1192 1582 cumei
1204 1529 1319 1582 Catilina

210 1612 338 1665 Cinnanis
348 1612 468 1680 partibus
479 1613 573 1677 conns
583 1610 682 1676 Syllam
695 1612 747 1663 ste-
764 1605 959 1672 objiceretur:
987 1611 1098 1674 eratque
1119 1608 1240 1660 absoluta
1260 1608 1319 1662 liceo

209 1693 304 1754 terant,
315 1689 465 1756 multasque
482 1687 611 1754 pecunias
631 1685 747 1738 abstule-
783 1684 1233 1753 Fabia,quiasororeratTerentiee
1243 1686 1321 1740 Cice·

207 1771 282 1820 rant:
300 1782 396 1836 exque
407 1762 747 1831 saecolmiierautappella·
782 1763 861 1816 renis.
896 1763 1009 1823 ldeosie
1020 1763 1096 1830 dixit,
1113 1763 1236 1818 Etiamsi
1245 1765 1320 1836 culpo

138 1909 142 1915 Ι
208 1844 242 1897 ti:
260 1844 390 1913 multique
399 1844 434 1896 ob
443 1841 676 1908 ejusmiinvidiam
686 1845 748 1913 post
782 1838 852 1893 nulle
868 1840 984 1895 edesse.
1019 1842 1064 1894 Ita
1080 1847 1107 1896 et
1125 1843 1178 1894 suis
1194 1845 1320 1912 pepercit,

209 1924 343 1991 Syllanam
358 1922 497 1976 uictoriam
513 1923 590 1977 eraut
605 1919 746 1973 interiecti.
782 1923 811 1969 et
822 1918 902 1970 nihilo
912 1919 1113 1974 leviusinimico
1124 1921 1321 1992 summioppro-

209 2003 316 2058 Ascou.
783 1994 1033 2065 briiturpitudinem
1044 1998 1151 2066 objecit.
1188 1999 1273 2055 loun.

244 2074 431 2150 Spectaculum]
447 2074 577 2144 Ejusdem
587 2077 657 2130 illius
665 2075 747 2130 Marii
817 2073 940 2146 Uxorem]
958 2077 1072 2138 Dicitur,
1086 2077 1229 2142 Catilinam
1246 2080 1321 2134 adul·

139 2169 143 2182 ⁴
210 2157 359 2210 Gratidiani
370 2156 442 2224 quod
454 2160 536 2227 caput
550 2157 667 2222 gestarit,
680 2155 747 2221 obji·
782 2151 879 2204 terium
898 2156 1060 2210 commisisse
1078 2171 1140 2208 cum
1158 2173 1198 2220 ea,
1216 2174 1276 2226 quae
1295 2152 1321 2211 ei

177 2253 178 2259 ¹
210 2235 257 2288 cit.
293 2234 355 2297 Quo
365 2233 423 2286 loco
436 2234 501 2286 dicit
512 2234 653 2288 Catilinam
663 2235 747 2301 caput
781 2234 876 2296 postea
897 2247 987 2286 socrus
1005 2233 1068 2285 fuit:
1087 2237 1115 2286 et
1132 2251 1167 2286 ex
1182 2251 1214 2287 eo
1229 2242 1320 2304 stupro

211 2312 347 2374 M.,Marii
356 2316 482 2378 gestasse,
492 2313 559 2383 quod
573 2322 656 2383 capot,
671 2311 747 2364 etiam
772 2306 893 2364 duxisse
905 2325 1026 2375 uxorem,
1037 2327 1100 2364 cum
1111 2311 1164 2364 filia
1173 2313 1232 2379 ejus
1241 2319 1321 2370 esset.

172 2425 174 2430 ,
211 2387 377 2463 complessem
386 2389 476 2445 enimc
484 2399 509 2444 et
519 2389 631 2462 spiritus,
645 2391 681 2443 ad
688 2388 748 2460 Syl·
784 2385 854 2441 Haec
867 2387 986 2440 Luceius
997 2405 1105 2458 quoque
1117 2391 1241 2443 Catilinae
1254 2392 1321 2459 obji-

177 2509 184 2520 ,
213 2467 524 2538 emmeramensem
538 2470 657 2522 ededem
667 2466 748 2538 Apol-
783 2465 820 2517 cit
829 2466 858 2522 ie
869 2465 1040 2530 orationibus,
1050 2484 1116 2536 quas
1129 2469 1157 2520 iu
1166 2484 1228 2522 eum
1240 2471 1320 2542 serip-

211 2545 529 2616 iinis,maaidcripseruds
545 2544 642 2611 detulit,
658 2545 748 2599 omnia
783 2543 825 2596 sit.
862 2543 979 2598 Nomina
996 2544 1091 2598 harum
1101 2547 1321 2601 mulierumnon-

210 2631 274 2680 sunt
295 2623 444 2679 manifesta.
480 2625 522 2677 Ne
539 2629 629 2678 tamen
648 2624 748 2689 erretis,
783 2621 958 2675 dumiuveni.
993 2623 1080 2685 Inest.
1164 2689 1166 2694 Ι

210 2703 283 2775 quod
295 2701 515 2770 histemporibus
532 2703 604 2760 aedes
616 2700 748 2770 Apollinis
820 2699 969 2766 Violoveris]
997 2701 1069 2756 Cum
1093 2706 1228 2771 sequatur,
1248 2713 1276 2758 ut
1296 2715 1320 2758 te
1370 2759 1372 2762 .

207 2784 238 2836 in
249 2779 352 2835 Palatio
363 2781 397 2832 sit
407 2780 585 2833 nobilissima:
604 2782 750 2834 admonen-
782 2776 837 2831 illic
843 2779 962 2848 gesseris,
971 2798 1022 2832 noo
1030 2781 1107 2834 audeo
1118 2780 1208 2844 dicere,
1222 2781 1321 2836 idcirce

209 2861 237 2932 di
248 2860 319 2922 estis,
333 2875 388 2919 non
400 2848 467 2911 hesic
479 2876 496 2911 a
507 2859 636 2915 Cicerone
649 2858 747 2924 signifi·
764 2915 767 2931 .
783 2873 831 2925 pro
840 2855 978 2922 oiolomrie,
986 2859 1111 2926 legerem,
1120 2859 1145 2912 ci
1155 2861 1321 2932 occupaveris,

209 2939 271 2998 cari,
282 2939 385 3005 utputo
392 2951 471 3004 quam
481 2940 658 3005 postmortem
666 2935 747 2989 etiam
783 2932 940 2998 machaeris,
955 2937 998 2988 vel
1019 2937 1118 3004 aliquid
1137 2937 1243 2990 tandem
1258 2938 1321 2992 huic

150 3003 153 3012 ’
210 3016 346 3069 Ciceronis
364 3015 456 3067 multis
472 3016 548 3067 annis
567 3015 636 3085 Imp.
649 3013 746 3078 Caesar,
783 3013 879 3067 simile.
914 3014 966 3066 Cui
979 3015 1086 3068 demum
1097 3015 1204 3082 lectioni
1215 3032 1323 3084 respon-

210 3110 291 3161 quem
308 3109 380 3145 nunc
400 3093 491 3150 divum
510 3091 666 3160 Augustum
682 3091 748 3144 dici·
784 3090 839 3156 det,
847 3108 905 3162 pop.
916 3090 993 3144 Rom.
1001 3091 1131 3156 clemente,
1138 3093 1185 3146 &e
1205 3093 1321 3150 Pesnsc.

210 3187 280 3233 mus,
291 3174 350 3237 post
366 3170 506 3224 Actiacam
519 3170 660 3242 'victoriam
677 3169 747 3222 fece-
819 3167 968 3236 Absolutus]
980 3169 1091 3222 Dictum
1103 3170 1206 3238 estjam
1216 3173 1322 3240 saepius,

211 3249 260 3300 rit:
279 3247 325 3299 sed
340 3247 414 3298 illam
432 3247 613 3311 demonstrari,
630 3250 747 3315 quaeest
783 3248 928 3300 Catilinam
943 3264 978 3300 ex
990 3253 1107 3316 praetura
1118 3247 1236 3302 Africam
1253 3251 1322 3305 obti-

208 3327 400 3391 cxtraportam
412 3325 616 3388 Carmentalem,
628 3325 748 3378 interfo-
783 3325 882 3388 nuisse,
900 3329 927 3377 et
947 3331 1091 3378 accusante
1114 3343 1176 3380 eum
1198 3335 1323 3396 repetun-

210 3421 271 3457 rum
283 3402 745 3458 OlitoriumeteircumFlaminium.
769 3404 879 3457 darum
902 3403 933 3456 P.
952 3404 1047 3458 Clodio
1077 3404 1228 3460 absolutum
1253 3423 1335 3467 esse,

211 3482 255 3534 Ea
273 3481 346 3532 enim
366 3481 423 3532 sola
447 3483 504 3532 turn
525 3479 633 3532 demum
653 3481 746 3534 Remea
783 3481 891 3535 AscoN.

210 3558 342 3628 Apollinis
354 3558 435 3610 sedes.
470 3557 557 3611 Iners.
819 3557 987 3630 optimatum]
1000 3561 1075 3626 Quos
1086 3562 1215 3628 nominat,
1226 3564 1322 3622 intelli·

246 3637 324 3698 Quod
340 3632 393 3708 illi]
416 3638 564 3704 Legerem:
592 3635 669 3696 Quod
688 3635 747 3689 illi?
784 3637 854 3704 gitis.
888 3637 953 3690 Fuit
971 3639 1041 3691 enim
1060 3641 1158 3708 opinio,
1170 3641 1323 3708 Catilinam,
1381 3641 1386 3652 “

210 3715 283 3776 Quid
291 3713 314 3768 ri
323 3713 363 3767 illi
380 3733 410 3767 ec
424 3713 452 3766 in
467 3731 514 3767 ram
528 3711 670 3786 defmmosu
679 3714 748 3767 dise·
784 3719 813 3765 et
824 3715 874 3766 Cn.
885 3715 1010 3767 Pisonem
1029 3707 1225 3772 adolescentem
1236 3720 1323 3788 perdi-

210 3803 280 3856 rnnt,
291 3810 345 3862 que
356 3793 410 3860 tibi,
421 3793 471 3844 &e
496 3789 622 3846 'Pereia
784 3795 851 3856 tum,
871 3792 1024 3858 conjurasse
1044 3796 1078 3847 ad
1096 3796 1199 3849 caedem
1214 3801 1324 3852 senatus

246 3865 379 3941 Luscium]
397 3871 451 3923 llic
466 3887 546 3940 quem
566 3869 695 3947 nominat,
712 3870 748 3927 L.
783 3869 933 3923 faciendam
958 3877 1019 3926 aute
1043 3888 1142 3925 annum
1165 3888 1244 3940 quem
1263 3871 1322 3926 liaeo

211 3947 335 4012 Luscius,
346 3953 425 4000 notus
437 3948 559 4001 centurie
568 3948 699 4016 syllanus,
708 3947 748 4000 di·
784 3947 939 4014 dictasunt,
958 3949 1037 4004 Cotta
1050 3955 1078 4006 ct
1094 3950 1230 4018 Torquato
1246 3952 1322 4006 Coss.

210 4041 311 4094 vesque
322 4041 337 4076 e
348 4025 645 4094 victoriat'actus,(nsm
655 4027 749 4096 ampli·
784 4041 897 4096 eamque
918 4029 1022 4080 eaedem
1041 4029 1102 4080 ideo
1121 4043 1249 4080 neeesse
1267 4028 1322 4090 fac-

211 4120 243 4155 us
262 4103 329 4155 H-S.
342 4104 443 4156 centies
460 4104 625 4179 possederat)
639 4103 747 4158 damna-
783 4106 848 4168 tam,
860 4106 931 4174 quod
943 4107 1024 4174 prius,
1035 4105 1213 4173 quamparati
1224 4111 1322 4172 essent,

210 4187 255 4235 tus
269 4185 327 4233 erat
336 4195 390 4232 non
402 4184 488 4234 multo
499 4186 570 4246 ante,
581 4199 661 4251 quam
671 4184 748 4238 Cice·
784 4181 928 4249 conjuratis
946 4184 1051 4251 signum
1064 4182 1182 4235 dedisset
1197 4184 1320 4241 Catilina.

210 4258 330 4311 redixit.
367 4258 489 4328 Objectee
507 4265 572 4313 sunt
588 4261 614 4313 ei
631 4266 683 4314 tres
694 4279 748 4316 cae·
783 4260 847 4313 Piso
868 4265 967 4325 autem,
988 4278 1052 4315 cum
1074 4261 1133 4313 haec
1161 4259 1322 4331 dicerentur,

211 4336 746 4406 desproscripterumcircaeesdemdies.
783 4337 1190 4408 perieratinHispania,missus
1203 4348 1323 4397 asenstu

211 4416 245 4468 L.
256 4428 362 4483 quoque
379 4414 518 4469 Bellienus
532 4417 674 4470 damnatus
691 4422 745 4475 est:
783 4433 831 4485 per
839 4416 965 4470 honorem
977 4417 1125 4485 legationis,
1136 4421 1167 4472 ut
1178 4435 1244 4473 avus
1257 4437 1322 4476 suus

211 4510 291 4562 quem
301 4494 398 4547 Cicero
406 4493 444 4547 ait
453 4497 615 4552 avunculum
627 4512 685 4549 esse
696 4498 748 4549 Ca·
784 4489 958 4562 ablegaretur.
979 4495 1096 4565 ·lbique
1123 4495 1188 4549 dum
1211 4496 1322 4564 injurias

212 4572 311 4629 uuna,
343 4573 497 4631 Hiceutem
505 4575 662 4632 Lucretium
671 4576 749 4668 Asel·
784 4573 989 4641 morineialibus
1009 4575 1080 4642 lacit,
1096 4577 1274 4647 oocisrmerat,
1292 4587 1323 4636 ut
1419 4615 1423 4624 ·
