3234 5217
294 271 299 280 .
484 248 523 282 ¹¹⁴«

300 281 308 291 ⁹
454 287 457 293 ¹
517 287 526 303 ‘s

227 315 230 324 ·
337 341 355 354 „
386 317 390 326 ·
423 307 429 358 .·
481 302 530 383 *d

55 479 58 486 Ι
178 365 440 482 χιῇᾆιιῡιᾟ
649 463 654 470 ,
723 389 1010 477 onustorum

296 559 326 598 ,ι
332 535 503 614 poma
516 537 621 593 terrim
635 538 716 592 leem
725 537 846 592 esent
876 537 994 593 ¹videtur.
1028 529 1082 590 iiie
1096 537 1176 590 enim·
1186 545 1249 588 cum
1264 537 1335 588 esset
1349 539 1418 604 prse-

299 618 416 694 joam!
431 619 487 682 Qui
500 618 845 686 igitnrdotoniosattiags·
876 620 947 668 turn
964 615 1131 678 candidatus,
1144 615 1218 684 quod
1234 616 1263 666 in
1279 615 1417 677 aedttitate,

308 701 407 752 mrem
422 713 498 749 seam
509 687 694 765 imputandam
710 701 795 764 putat,
812 698 844 761 is,
880 709 963 764 quam
975 697 1037 747 aute
1053 706 1153 745 mum
1174 697 1299 760 gesserat,
1316 693 1417 744 bestias

303 777 501 832 sideieudisset
516 775 769 842 Catilinamcspnt
784 775 843 840 ejus
878 785 934 824 uon
956 773 1093 833 habuerat,
1117 771 1192 824 dedit
1221 767 1416 842 gladiatorium,

306 861 458 924 protectum
475 869 492 906 a
510 869 541 906 se
559 865 614 905 nou
636 853 662 905 ei
682 854 844 920 imputaret!
879 851 929 904 arrh
942 853 1027 914 tituto,
1038 851 1108 918 patri
1120 848 1187 903 said
1198 849 1270 902 dare.
1306 848 1392 902 lusu.

307 932 387 998 Quod
395 933 433 984 ita
443 947 501 983 esse
512 930 682 982 manifestum
694 936 735 982 est
748 946 785 982 ex
801 945 843 994 eo,
915 929 951 982 Ut
961 930 1034 1000 cepit
1044 938 1138 982 natan
1148 926 1218 992 Coa]
1230 928 1300 982 Satis
1310 931 1415 980 constat

305 1010 378 1079 quod
391 1009 481 1061 statim
494 1007 568 1060 dicit.
603 1006 638 1070 Q.
650 1008 721 1060 euim
736 1006 843 1061 Munus
880 1005 1415 1073 &MariuaOrestinamienquaeiere-

304 1088 379 1143 Trih.
388 1089 424 1155 pi
434 1084 625 1150 intercedebat,
631 1101 668 1138 ne
674 1086 719 1140 lex
726 1085 842 1139 ambitus
878 1084 957 1137 batur
968 1085 1002 1138 de
1011 1084 1122 1148 ambitu,
1133 1083 1324 1146 intercessisse,
1332 1083 1412 1152 idque

304 1166 431 1218 terretur:
457 1164 530 1234 qaod
547 1162 633 1215 iacere
653 1179 701 1230 pro
727 1161 843 1216 Catilina
878 1161 991 1229 graviter
1014 1165 1136 1214 senatum
1157 1161 1258 1213 tulisse.
1299 1161 1413 1213 Videtur

306 1243 452 1298 videbatur.
494 1242 579 1296 Hunc
602 1241 724 1294 Matium
743 1242 771 1294 in
789 1241 841 1294 dac
877 1253 940 1308 ergo
955 1242 1089 1292 senatores
1106 1237 1203 1292 nortui
1213 1244 1246 1290 ut
1263 1236 1331 1292 Μ.
1346 1253 1412 1306 prn-

303 1323 423 1376 oratioae
431 1321 568 1390 appellans
579 1319 675 1372 Cicero
683 1319 722 1372 sic
733 1320 787 1374 stt:
802 1319 842 1372 Te
877 1317 1410 1384 vertaatMuciumlegemimpedientem.

303 1411 396 1463 naen,
414 1399 448 1460 Q.
461 1398 543 1465 Muti,
563 1408 616 1451 tam
630 1397 696 1451 soah
710 1400 742 1452 de
755 1399 841 1470 repat.
878 1395 969 1459 Quare
979 1395 1023 1449 hic
1034 1395 1109 1448 locus
1116 1397 1155 1448 ita
1161 1394 1267 1448 ridetur
1275 1395 1411 1460 tegendus,

303 1479 353 1532 tre.
371 1478 484 1539 Veurm,
495 1477 621 1545 utegedt
636 1477 721 1530 Mutii
731 1493 841 1531 causam
878 1473 1039 1534 anunm
1047 1473 1277 1544 maemtitelegem
1283 1471 1412 1544 impedire,

303 1556 408 1620 Cicero,
417 1556 487 1609 sicut
498 1556 622 1608 Catilinae
633 1555 720 1624 egisse
731 1571 794 1609 enm
803 1557 842 1609 ri·
877 1553 997 1622 utcoepa't,
1013 1551 1232 1606 mammos.
1261 1553 1412 1605 ‘Sidonica

250 1686 254 1700 ,
301 1634 361 1688 deri
369 1633 842 1704 ruitFencsteiiacur,cnm‚quam-
878 1631 1022 1684 Recenticr
1038 1630 1148 1683 Asconii
1161 1631 1258 1683 editio:
1280 1631 1312 1691 Q„
1325 1630 1412 1683 Maci-

302 1713 344 1765 ris
360 1713 431 1766 mate
448 1712 585 1764 existimet
602 1710 636 1763 de
649 1727 730 1764 causa
746 1712 841 1776 Mutii,
876 1717 1058 1762 maoouaatem
1065 1705 1146 1779 legem
1156 1709 1283 1779 impedire,
1299 1720 1327 1761 at
1337 1709 1411 1779 capit

300 1791 840 1859 tameneiexprobretpatroeiniumauum,
876 1785 993 1852 &mura
1002 1785 1269 1857 damnanatione.
1287 1787 1346 1852 Sed,
1358 1789 1408 1840 &c

302 1884 356 1921 acu
368 1870 438 1921 idem
453 1869 482 1921 in
495 1868 612 1921 Catilius
622 1867 712 1932 iaciat,
726 1870 841 1922 simodo
876 1865 952 1918 Atius
962 1881 1018 1918 nou
1029 1866 1154 1928 Muciura,
1166 1867 1211 1920 sed
1221 1865 1344 1920 Matium.

301 1961 351 2014 pro
361 1963 394 1999 ec
404 1947 489 1999 dixitt
505 1949 534 1998 et
551 1961 600 1998 cur
616 1945 704 2012 ipsum
720 1947 787 2000 iilud
796 1947 840 2013 J‘u-
910 1943 992 2016 lege]
1009 1945 1111 2012 Legem
1127 1944 1294 2013 Calpurniam
1308 1943 1408 2012 signiti-

302 2024 405 2077 dicium
421 2024 520 2092 saepius
536 2025 565 2075 iu
584 2023 722 2077 infamiam
743 2029 841 2081 rocatt
875 2027 928 2086 cat,
949 2039 1031 2091 qaam
1048 2024 1078 2076 G.
1093 2023 1249 2092 Calpurnius
1265 2023 1325 2076 Piso
1345 2025 1408 2076 ante

301 2102 375 2170 quod
386 2101 637 2169 parciusvideretnr
655 2102 737 2156 fuisse
753 2101 840 2156 sactu-
874 2101 1016 2154 triennium
1027 2103 1061 2154 de
1073 2102 1174 2154 ambitu
1191 2102 1293 2156 tulerat
1328 2104 1409 2166 Quod

301 2197 358 2243 ras,
374 2180 434 2233 siin
443 2196 478 2232 eo
485 2179 587 2246 judicio
599 2180 693 2233 irrisam
702 2187 837 2250 patronus.
875 2182 965 2231 autem
973 2180 1040 2234 dicit
1048 2181 1186 2233 damnatos
1194 2181 1415 2248 essedeaignatos¹

300 2251 392 2328 Atrine
402 2259 496 2311 utatis
510 2259 640 2320 omittam,
652 2259 702 2312 hoc
710 2265 783 2312 certe
790 2261 838 2314 rix
874 2258 1003 2319 consules,
1010 2257 1190 2324 P.Syltam,et
1198 2258 1227 2310 P.
1237 2259 1409 2322 Autronium,

300 2335 838 2405 rideturdicturusiuiase,siiilc·patrono
872 2334 908 2386 de
918 2335 1015 2402 quibus
1021 2335 1079 2402 jam
1087 2335 1214 2402 diximus,
1222 2337 1408 2406 ruitinteltigi.

300 2415 418 2468 catilina
428 2412 636 2484 repetundarum
648 2417 785 2468 absolutus
796 2433 839 2468 es·
873 2409 1028 2483 cognomen
1040 2417 1129 2466 antnu
1147 2415 1180 2478 Q.
1191 2415 1281 2468 Matio
1294 2415 1407 2480 tribuno,

300 2499 356 2545 set:
374 2492 479 2562 &amru
498 2510 524 2546 se
542 2493 663 2555 mnibus,
682 2512 713 2547 ce
723 2493 838 2564 flagitiis
871 2507 951 2559 qrrem
965 2493 1091 2556 nominat,
1103 2492 1153 2545 fuit
1164 2493 1311 2546 Orestinus.
1324 2495 1408 2548 laen.

299 2571 493 2624 marnasco:
516 2572 582 2624 coede
601 2571 703 2642 mario
722 2583 836 2625 orroears·
906 2566 1002 2642 Imm]
1020 2569 1063 2622 De
1081 2567 1199 2624 Antonio
1215 2572 1270 2625 diui
1285 2571 1409 2626 maniies·

298 2651 351 2704 eit:
367 2649 474 2719 dirim
484 2649 580 2702 sodor:
596 2649 672 2720 leges,
681 2653 836 2720 secutores,
871 2651 929 2700 tum
940 2652 990 2701 est.
1026 2649 1079 2701 Sed
1094 2649 1162 2702 dicit
1172 2665 1234 2702 eum
1245 2650 1274 2702 in
1288 2651 1408 2703 exercitu
1453 2649 1458 2656 ⁴

292 2728 395 2798 jniier'a
404 2726 513 2783 maso
531 2728 570 2780 Et
577 2733 686 2796 meten:
704 2729 836 2800 Quidegc,
871 2727 951 2793 Sydae
973 2727 1146 2794 praedouem,
1160 2731 1266 2796 propter
1285 2729 1407 2799 equitum

298 2817 328 2860 at
338 2804 477 2860 onnon&
487 2807 654 2876 pontonem,
669 2808 718 2860 &a
736 2807 836 2860 Verine
871 2809 980 2868 turmas,
992 2804 1091 2873 quibus
1102 2804 1233 2859 Achaiam
1244 2808 1278 2860 ab
1287 2823 1319 2860 eo
1327 2825 1407 2860 rexa-

298 2900 363 2952 ergo
382 2885 466 2937 simite
486 2890 536 2949 est,
554 2884 614 2938 hoec
632 2901 694 2938 eum
713 2886 835 2938 Cannae
870 2883 1216 2950 tamessesigniticavimns.
1252 2885 1404 2939 Iniutroitu

298 2961 424 3028 objicere,
434 2963 458 3014 si
469 2963 515 3016 itio
527 2961 687 3015 defendente
698 2963 835 3016 absolutus
869 2962 1052 3028 gladiatorem,
1078 2963 1191 3030 pertinet
1219 2961 1253 3016 ad
1277 2963 1404 3016 invidiam

298 3042 358 3092 esti
372 3041 504 3092 Praeterea
515 3046 605 3093 movet
615 3055 667 3104 me,
679 3041 761 3107 quod,
770 3054 835 3111 cum
870 3039 1075 3106 proscriptionis,
1083 3055 1144 3109 quae
1155 3043 1212 3092 tum
1224 3041 1292 3094 iacta
1303 3045 1350 3095 est.
1368 3041 1404 3096 ln

297 3119 352 3170 sint
367 3119 549 3171 commentarii
569 3119 834 3171 Ciceronis'susrum
870 3116 980 3169 victoria
1001 3117 1206 3186 quadrigarium,
1232 3119 1312 3188 quod,
1339 3137 1406 3173 cum

234 3257 235 3260 Ἴ
297 3196 378 3248 etiam
401 3196 592 3259 defensionum,
614 3197 834 3250 commentarium
871 3194 943 3262 Sylla
957 3199 1017 3261 post
1033 3197 1171 3248 victoriam
1184 3194 1319 3253 'circenses
1336 3197 1407 3252 face-

297 3276 388 3326 tamen
401 3274 481 3339 hujus
493 3274 653 3326 defensionis
671 3275 719 3325 aut
737 3272 835 3342 princi·
870 3277 918 3336 ret,
929 3271 968 3323 ita
976 3276 1008 3325 nt
1018 3273 1121 3337 honesti
1135 3272 1406 3344 hominesquadrigas

296 3351 369 3420 ρίιιιιι
380 3353 484 3404 nuttam
495 3352 636 3405 inveniam.
660 3351 756 3419 Itaque
766 3357 833 3420 puto
869 3351 1009 3419 agitarent,
1023 3352 1074 3409 suit
1082 3353 1153 3404 iuter
1163 3363 1209 3405 eos
1222 3355 1253 3408 C.
1263 3355 1405 3411 Antonius.

295 3443 349 3481 uon
361 3428 518 3494 defendisse,
527 3431 574 3483 scd
583 3433 687 3480 uotum
698 3428 732 3480 de
741 3431 834 3482 deten-
868 3427 955 3482 lusu.

296 3508 385 3560 dendo
401 3509 545 3574 cogitasse:
562 3506 634 3576 quod
646 3523 693 3576 per
705 3507 763 3560 haec
773 3509 833 3576 ipss
907 3507 1043 3580 Volcatius]
1061 3511 1145 3564 Panto
1154 3514 1215 3563 aute
1221 3511 1347 3577 diximus,
1353 3513 1404 3567 Ca-

296 3586 387 3652 negari
397 3590 553 3653 conpotest
584 3586 651 3638 vHoc
661 3591 751 3638 autem
759 3585 834 3652 judi·
869 3586 982 3651 tilinam,
993 3589 1101 3642 cum'de
1109 3587 1246 3656 provincia
1259 3591 1349 3652 Africa
1357 3589 1404 3642 de-

296 3666 340 3717 cio
359 3665 498 3717 absolutus
520 3668 562 3716 est
583 3664 706 3728 Catilina,
723 3665 832 3719 infamia
868 3667 983 3727 cederet,
1001 3667 1130 3734 petiturus
1139 3669 1315 3731 consulatum,
1328 3673 1355 3720 et
1367 3667 1404 3721 ie-

291 3742 423 3810 judicum.
461 3743 498 3796 Ut
508 3748 536 3795 et
547 3741 659 3796 Clodius
668 3742 774 3795 infamis
791 3740 832 3796 in-
868 3745 923 3812 gati
934 3741 992 3798 Ant
1004 3745 1089 3812 questi
1099 3745 1131 3798 de
1142 3761 1174 3797 eo
1189 3746 1217 3798 iu
1233 3754 1329 3799 senatu
1341 3747 1404 3798 fuis-

295 3824 353 3886 erit,
375 3823 474 3892 quippe
496 3823 543 3892 qai
568 3821 757 3891 praevaricatus
780 3827 830 3876 est.
868 3827 1043 3890 sentgraves
1058 3823 1155 3876 multas
1169 3825 1403 3878 sententiasdeeo

295 3901 367 3955 Nam
385 3906 412 3953 et
423 3901 533 3968 rejectio
545 3899 668 3968 judicum
684 3902 717 3953 ad
730 3902 833 3954 arbitri·
868 3901 952 3952 dictas
970 3915 1036 3954 esse.
1072 3901 1169 3970 Itaque
1189 3917 1252 3954 curn
1270 3901 1403 3970 protessus

295 3993 341 4031 um
353 3981 391 4032 rei
402 3981 606 4048 videbaturesse
617 3979 696 4032 tacta.
726 3980 830 4034 Ascon.
868 3978 964 4032 deinde
980 3982 1050 4030 esset
1060 3979 1174 4032 Catilina
1189 3983 1280 4048 petere
1296 3997 1325 4033 se
1339 3997 1403 4053 con3

263 4110 265 4116 ,
329 4057 438 4128 codam]
462 4059 588 4112 Diximus
609 4062 638 4111 et
656 4059 736 4127 panio
759 4062 830 4120 aute,
867 4055 990 4120 sulatum,
1004 4058 1035 4108 [ι.
1043 4055 1183 4110 Volcatius
1196 4059 1292 4110 Tutius
1307 4059 1401 4136 consui

294 4135 375 4189 Marii
397 4136 570 4207 (Gratidiani)
588 4142 670 4205 caput
689 4137 829 4190 Catilinam
866 4134 1005 4186 consitium
1017 4135 1152 4202 publicum
1166 4136 1264 4199 habuit,
1277 4151 1311 4188 aa
1323 4137 1401 4189 ratio·

249 4234 251 4239 ·
294 4228 342 4282 per
352 4215 446 4268 urbem
457 4217 557 4268 tulisse.
593 4216 680 4269 luen.
855 4212 1080 4274 ,nemeatitinw
1092 4213 1189 4266 habere
1198 4214 1314 4281 deberet,
1324 4216 1346 4267 si
1356 4231 1402 4282 pe-

205 4352 213 4373 '
328 4289 554 4365 Familiarissimc]
562 4293 737 4346 Manifestum
746 4290 827 4343 estC.
866 4293 935 4342 teret
956 4290 1134 4342 consulatum.
1170 4291 1241 4344 Nam
1264 4293 1401 4360 quaereba-

294 4370 566 4438 Verrem-signiticari.
602 4371 686 4424 lusu.
865 4371 909 4420 tar
917 4367 1133 4436 repetundarum.
1169 4369 1399 4424 Catilinaobeam

328 4448 416 4512 Alter]
429 4450 459 4502 C.
470 4449 619 4502 Antonium
631 4447 769 4515 siguificat.
781 4445 827 4500 In.
866 4461 975 4500 causam
986 4445 1111 4499 desiitita
1119 4447 1253 4516 petitione.
1287 4449 1373 4502 Iucu.

328 4523 410 4596 Eam]
435 4526 469 4589 Q.
491 4527 620 4587 Gadium,
636 4540 716 4594 quem
734 4529 828 4591 postea
1327 4523 1331 4530 “

292 4619 369 4663 resur
389 4604 507 4656 ambitus
528 4603 658 4669 defendit,
680 4602 827 4671 siguificare
918 4605 924 4616 ¹
950 4657 952 4664 ,
986 4606 1094 4666 trous,
1106 4605 1277 4654 intersereret.
