3234 5217
562 428 710 485 ursus
735 424 954 484 userius
1101 502 1105 510 Χ
1239 434 1314 507 835

193 592 197 598 ’
226 576 275 630 Dc
289 575 345 654 ὅρῳ
363 563 456 649 amice]
481 558 575 630 Veiba
591 575 651 629 baec
669 570 734 631 mibi
773 559 871 627 dicitur
893 574 982 641 ltalia,
1002 562 1166 634 incolerent:
1183 584 1314 639 ut'relcrt

195 661 319 721 suspecta
333 660 404 709 sunt.
439 655 527 709 Inest.
772 652 854 708 Dion.
866 653 994 708 Meminit
1004 650 1102 711 Cicero
1109 662 1136 710 et
1144 676 1193 727 pro
1204 662 1312 730 Ar'ebie,

229 731 632 805 Putrmsmpmuumamru]
652 717 733 799 quoi
771 736 799 783 et
811 733 880 801 arici.
901 734 933 787 u.
943 750 1006 787 vero
1018 735 1139 789 Licinius
1149 739 1261 793 erasm
1272 746 1309 795 'u
1391 746 1394 755 ’

192 824 247 863 uou
270 812 334 866 lecit
356 813 462 880 Chilon,
485 813 532 881 qui
554 812 679 875 amicum,
704 811 733 864 in
770 807 806 873 Q.
817 810 938 865 Scaevola
950 828 1018 866 coss.
1029 814 1116 881 legem
1133 824 1267 884 rogarunt,
1277 812 1311 876 u't

192 905 272 957 quem
287 890 375 956 judex
394 889 514 958 sedebat,
526 890 733 958 damnauitqui-
770 888 1311 961 quisquciusuaecivitetisfinsredi'gere-

192 967 254 1026 dem
265 968 330 1035 ipse,
341 969 390 1021 sed
406 966 466 1021 eliis
478 966 613 1032 judicibus
624 981 732 1034 persue-
767 968 830 1029 tur3
848 982 909 1036 quse
925 968 999 1022 dicte
1016 975 1066 1032 est,
1085 964 1177 1026 Mucia
1189 970 1311 1031 emma:

190 1047 233 1109 sit,
244 1050 276 1098 ut
287 1062 349 1099 eum
361 1046 538 1116 absolverent
564 1044 637 1097 Vide
650 1044 733 1098 Gelil·
768 1044 847 1096 multi
870 1046 941 1099 enirn
964 1038 1026 1101 cum
1044 1048 1117 1103 cives
1134 1067 1188 1104 non
1208 1052 1309 1119 essent,

190 1137 238 1177 um
250 1124 274 1177 l.
285 1128 312 1179 3.
348 1125 448 1177 Genu.
601 1139 604 1142 ·
714 1196 717 1200 Ι
767 1136 816 1187 pro
836 1120 939 1177 civibus
960 1138 989 1176 se
1010 1128 1155 1193 gerebant3
1173 1144 1234 1199 quec
1255 1122 1309 1197 lex,

224 1202 576 1267 Jurutosmteuticdiceudu]
595 1200 629 1254 In
641 1201 731 1268 siugu-
766 1198 969 1267 indignantibus
979 1205 1143 1273 principibus
1151 1208 1243 1277 populi
1253 1208 1309 1262 Ite-

189 1279 325 1333 decausis
335 1280 409 1349 apud
421 1279 558 1335 Romanos
565 1278 672 1345 judices
686 1277 731 1345 ju·
766 1276 820 1344 lici,
839 1294 922 1333 ceusu
940 1280 989 1333 luit
1008 1280 1188 1338 belliItalici.
1224 1284 1306 1341 eric

189 1358 294 1421 rubent,
312 1374 342 1412 se
377 1358 577 1412 renuntiaturos
594 1357 730 1411 exanimi
765 1354 848 1422 igitur
858 1358 945 1411 Peuui
961 1366 989 1411 et
1007 1360 1097 1431 Papio
1114 1360 1182 1427 haec,
1193 1363 1228 1417 de
1240 1364 1306 1418 urbe

189 1436 330 1500 sententie,
361 1493 365 1498 ,
400 1437 502 1489 undum
525 1436 621 1503 legem.
657 1434 730 1488 Vide
764 1434 882 1488 luerunt.
911 1434 1004 1490 Mucia
1020 1438 1132 1502 Licinia,
1147 1439 1306 1497 decivitate.

189 1514 281 1581 Sigon.
302 1513 337 1567 de
360 1512 475 1567 iudiciis
494 1513 541 1567 lib.
562 1512 586 1568 I.
606 1530 668 1581 cop.
688 1518 729 1567 10.
764 1510 929 1583 Quanquam
946 1518 974 1567 et
992 1516 1305 1584 aliaPapisdeciuitetc

187 1591 275 1645 locu.
588 1614 618 1635 a·
694 1622 698 1629 ·
764 1592 852 1643 multo
868 1592 1003 1662 antiquior
1020 1592 1104 1649 inisse
1121 1595 1234 1663 ridetur,
1252 1612 1307 1666 qne

221 1668 255 1723 Si
263 1689 320 1723 em
328 1667 480 1743 mermes]
490 1668 528 1723 ·Si
536 1670 596 1738 quis
604 1672 728 1723 attendet
764 1667 807 1721 M.
819 1670 986 1739 Perpennam
997 1672 1155 1727 damnatum
1165 1674 1307 1728 reserth-

156 1790 169 1811 .
185 1752 321 1814 accurate,
338 1748 491 1804 baeorerbu
501 1747 547 1801 bio
562 1749 651 1803 aliene
668 1764 727 1801 esse
762 1746 861 1803 lerius:
880 1764 959 1817 quam
973 1750 1090 1805 fortassis
1100 1752 1305 1806 CicereiuCor-

185 1831 339 1896 cognoscet.
375 1828 445 1893 Quis
461 1839 516 1879 nou
534 1831 611 1879 tenet
622 1842 726 1881 morem
762 1826 870 1879 nelieue
890 1828 1033 1883 intellexit.
1070 1828 1113 1883 De
1135 1832 1202 1884 urbe
1219 1831 1303 1885 edam

140 1927 144 1932 ·
185 1904 627 1974 buucjudicesrogendi,que1n
647 1906 725 1959 uite
762 1905 914 1971 peregrinos
926 1906 1068 1975 Lycurgus
1087 1909 1146 1973 lege
1164 1908 1253 1975 ejecit,
1270 1912 1304 1961 ut

184 1984 329 2051 majoricus
346 1984 550 2053 reaccepisset
577 1982 724 2052 Nunquam
761 1981 842 2035 reiert
850 1981 1038 2053 Thucydides:
1057 1991 1152 2052 ceute;
1168 2002 1204 2039 ne
1214 1990 1304 2040 exter·

183 2065 259 2117 illum
271 2063 428 2129 abrogatum
440 2077 508 2125 mse,
520 2065 569 2115 eut
577 2061 724 2115 exolevisse
760 2058 803 2134 qis
814 2075 843 2113 se
855 2061 972 2115 moribus
984 2063 1114 2117 oblineret
1130 2063 1254 2135 populus,
1272 2064 1302 2117 id

183 2137 645 2210 sponteconststmecesteredibile.
656 2140 724 2204 Quis
760 2136 833 2208 quod
846 2144 873 2191 et
886 2140 1007 2194 Pennum
1017 2142 1131 2195 rubuisse
1141 2144 1245 2211 opinor,
1253 2142 1301 2196 illo
1399 2153 1401 2162 '
1492 2144 1494 2153 '

183 2222 256 2274 eninr
267 2220 318 2273 nisi
330 2218 585 2287 immdentissimus,
596 2225 645 2272 eut
658 2220 724 2273 stul·
759 2213 869 2279 ieeul05
886 2218 928 2269 vel
940 2225 1012 2272 certe
1023 2222 1057 2272 ob
1074 2222 1194 2289 pericula
1206 2220 1299 2273 lectio·

182 2301 312 2362 tissimus,
319 2304 368 2350 aut
377 2298 592 2366 improbissimus
598 2298 675 2351 nliter
678 2298 724 2365 ju·
759 2308 834 2359 nutu,
847 2294 966 2347 totinlra
983 2298 1087 2351 moenie
1104 2298 1228 2366 receptis,
1238 2299 1299 2367 qul·

182 2379 273 2431 dicem
292 2380 416 2443 rogarett
440 2376 580 2445 Excerpta
602 2374 721 2429 Pitbnei:
759 2370 1300 2450 bussusqucdequccssetbeneeniunlc

180 2458 415 2525 siearcgaremm.
443 2455 524 2519 Quod
538 2456 630 2523 probo.
660 2454 722 2508 Hoc
759 2466 802 2502 res
822 2450 899 2505 irent.
934 2452 991 2531 Nes
1009 2453 1037 2507 in
1060 2453 1110 2505 hac
1126 2454 1225 2523 repub.
1244 2468 1299 2506 non

145 2530 149 2536 “
181 2540 232 2601 ost,
245 2534 343 2603 siquid
361 2533 414 2586 talc
423 2549 579 2601 rogaremus
590 2552 607 2604 a
619 2534 722 2601 judice,
758 2528 840 2581 modo
851 2526 1002 2597 peregrinos
1012 2546 1066 2583 non
1078 2532 1298 2595 exterminamus,

182 2620 215 2668 ut
225 2619 324 2667 nostroe
342 2628 431 2664 cousee
448 2612 544 2678 levent,
556 2614 630 2682 quod
647 2615 722 2667 solve
757 2606 807 2659 sed
826 2622 843 2659 a
861 2608 989 2676 religione
1006 2615 1097 2663 nostre
1115 2624 1229 2674 aversos,
1247 2610 1300 2661 boc

178 2694 233 2747 lide
242 2693 329 2756 fecere
337 2692 429 2759 possit.
447 2691 533 2744 lusu.
550 2693 637 2745 Recte
646 2692 721 2747 θη.
758 2689 808 2749 est,
820 2685 909 2738 hostes
921 2688 1051 2756 publicos,
1063 2688 1183 2753 iudaeos,
1191 2688 1300 2757 perjurii

181 2773 242 2825 vius
259 2774 345 2839 puniat,
361 2770 445 2822 verbe
463 2769 522 2824 boec
540 2772 678 2839 irrepsisse
692 2772 720 2823 in
756 2762 1087 2831 dflmssaifflssnfflffiidtiot,
1097 2768 1180 2820 eiiam
1188 2766 1297 2819 &iiiam

180 2854 347 2903 contextum.
356 2840 359 2844 ¹
369 2847 434 2900 Non
444 2849 518 2902 enim
530 2850 658 2902 credibile
669 2855 721 2913 est,
756 2840 1298 2917 impertimur(Graeuustmperrietamur):

177 2942 280 2984 morem
292 2929 364 2981 hunc
374 2925 513 2981 ciceronis
525 2932 606 2983 aetate
617 2929 721 2981 obsole.
757 2918 834 2985 udeo,
842 2921 868 2974 si
879 2920 929 2973 diis
941 2922 1037 2990 placet,
1050 2921 1187 2992 Spartanis
1197 2922 1298 2974 Romu·

176 3008 254 3061 visse,
289 3007 376 3060 ΕΜ,
756 2999 853 3065 uisque
865 3014 956 3052 sumus
968 3000 1144 3054 humaniores.
1179 3000 1292 3055 Irrue·

213 3082 486 3155 conmendandum]
513 3084 559 3139 Ad
578 3101 629 3137 sue
646 3099 720 3137 cour·
755 3097 758 3106 ⁴
791 3074 903 3148 Pupius]
930 3078 1021 3147 Aque
1033 3080 1078 3133 lc'x
1091 3080 1184 3147 Papia,
1196 3079 1230 3131 de
1241 3091 1296 3147 qus

179 3164 341 3215 mandanda,
373 3163 478 3215 Locum
491 3168 645 3233 comptum
658 3162 719 3216 Ma·
755 3152 862 3205 dicetur
872 3154 919 3207 ubi
932 3157 966 3208 de
977 3158 1081 3209 caeiel'is
1093 3158 1206 3225 iegibus.

177 3241 719 3308 nutiusputetetlegendumcummm.
754 3261 758 3268 ·
784 3229 1296 3294 Currucusr]Vichiviuurlib.XXlIl.

176 3322 277 3372 dorum
312 3319 445 3370 Neutrum
457 3319 553 3386 placet,
588 3321 676 3374 loun,
754 3324 814 3377 cap.
835 3314 876 3365 14.
898 3312 945 3363 ubi
963 3317 1055 3365 tumen
1077 3315 1174 3367 dieitur
1193 3314 1295 3367 lwuestu

113 3431 116 3438 .
213 3398 280 3465 cap,
293 3401 335 3449 ῃ,
363 3395 398 3448 Ut
414 3394 536 3467 Pennus]
564 3399 606 3451 Μ,
618 3398 718 3451 Juniug
753 3383 859 3441 elutius,
874 3390 984 3455 *cessisse
1002 3394 1077 3461 quod
1094 3408 1229 3447 servorum
1249 3395 1295 3446 de·

178 3479 288 3530 Pennus
302 3474 362 3527 trib.
379 3474 451 3542 pleb.
465 3474 570 3543 Lepido
582 3481 610 3527 ct
621 3478 717 3528 Oreste
754 3468 841 3521 lectus
856 3474 932 3522 esset
950 3472 1074 3523 babitus:
1093 3474 1141 3525 sed
1158 3472 1294 3541 quosdam,

177 3554 715 3621 coss.bocest‚unnopostU.C.ncxxvtr.
753 3562 815 3615 (1¹1oe
834 3548 946 3601 honesta
964 3551 1088 3619 ipseper
1106 3567 1134 3615 se
1151 3566 1205 3603 non
1222 3556 1293 3615 suut,

175 3637 265 3703 legem
279 3634 320 3685 ‘de
339 3632 486 3700 peregrinis
509 3633 587 3685 tulit:
608 3632 643 3684 de
663 3648 716 3700 qna
751 3626 916 3700 temporibus
927 3627 1039 3681 honeste
1049 3629 1125 3681 tiuut.
1162 3629 1246 3683 Fccc.

176 3714 274 3766 Festus
295 3712 323 3763 in
340 3708 503 3781 respublicas.
532 3709 562 3763 0.
576 3710 715 3775 Grceebe,
785 3702 915 3775 Uyrsilum
927 3702 1064 3783 quercetum]
1082 3709 1126 3760 Sic
1144 3709 1292 3777 appelletur

174 3790 369 3860 nequitiem
391 3804 467 3859 quem
488 3781 590 3859 scripsit
611 3788 642 3839 dc
660 3786 732 3862 lege⁴
752 3783 1139 3855 aDemosthenecqlt-rrqtuu
1174 3784 1228 3849 Qui
1241 3787 1291 3838 boc

174 3870 303 3922 Peneide
317 3867 473 3938 peregrinis.
510 3867 616 3930 Quibus
627 3866 715 3922 verbis
750 3862 812 3928 plus
823 3862 897 3926 dicit,
913 3880 1024 3919 uxorem
1037 3858 1095 3933 ejus
1108 3884 1124 3919 e
1136 3865 1291 3935 mulieribus

100 3956 105 3965 ’
174 3950 271 4000 Cicero
280 3946 431 4013 explicatur
441 3947 467 3997 in
478 3945 563 3998 Bruto
574 3960 581 3995 :
593 3942 715 3997 &Grae
746 3940 956 4002 ¹Atheniensium
964 3943 1222 3996 fuissetrucidutam.
1236 3942 1291 3997 Alii

174 4028 249 4079 clune
259 4034 318 4075 utus
326 4020 437 4091 guislitii,
446 4023 542 4093 iuquit,
555 4022 597 4075 M.
606 4022 714 4075 Perenne
750 4018 992 4073 Lieidamvocaub
1028 4021 1120 4083 Leuc.
1227 4070 1230 4078 ,

164 4104 255 4176 facete
272 4100 385 4170 quaet
400 4100 431 4160 in,
449 4101 589 4163 tribstnutu,
605 4098 713 4169 puccium
786 4096 841 4157 Qut
853 4098 963 4169 picotus,
973 4100 1108 4167 immunes]
1126 4100 1228 4154 Piratas
1245 4102 1288 4155 Ci-

171 4192 245 4236 utute
262 4179 409 4233 antecedens
415 4198 425 4239 ,-
442 4180 482 4231 ite
499 4179 603 4233 Cicero.
632 4179 712 4232 Certe
749 4178 824 4238 lices,
835 4178 999 4230 maritimum
1012 4194 1105 4245 genus,
1116 4178 1143 4229 in
1156 4181 1289 4247 agrisme-

171 4263 205 4315 C.
214 4259 355 4313 Gracchus
375 4272 408 4309 co
427 4273 499 4309 auno
519 4263 636 4325 quaestor
654 4258 712 4321 luit,
749 4256 905 4309 diterreneis
922 4255 1068 4325 Pompeius
1084 4256 1232 4324 collocarit,
1244 4276 1290 4311 co-

172 4342 253 4392 Cottn
261 4337 432 4403 etTorqrrato
441 4350 508 4388 coss.
516 4336 595 4387 idest
605 4334 712 4389 biennio
749 4336 878 4403 louosque
892 4335 963 4399 lecit,
975 4334 1110 4399 assignate
1120 4334 1194 4401 urbe,
1205 4352 1299 4405 quum·

171 4422 234 4472 aute
252 4416 411 4468 Ciceronem
422 4430 477 4466 eos.
495 4412 608 4466 Jaceute
619 4414 711 4481 Juuie,
749 4412 960 4483 Pompeiopolim
972 4416 1109 4478 vocarunt,
1126 4426 1188 4466 cum
1208 4421 1289 4471 autea

170 4498 216 4550 lex
225 4492 429 4559 elieeC.Papio
440 4492 501 4544 trib.
511 4490 581 4561 pleb.
594 4493 650 4545 luta
661 4498 711 4557 est,
749 4492 803 4545 Soli
817 4493 956 4545 diceretur.
993 4490 1078 4543 Fece.

170 4576 214 4627 Ne
226 4573 285 4641 quis
294 4572 404 4625 omuino
422 4571 577 4639 peregrinus
594 4571 623 4622 in
643 4573 711 4625 urbe
783 4568 884 4633 Socios.
894 4567 1028 4639 ereugules
1039 4565 1167 4641 debenus]
1183 4566 1289 4627 Viden·

168 4652 311 4719 babitaret,
328 4651 457 4719 exeeptis
467 4651 502 4703 iis
511 4652 559 4717 qui
570 4665 632 4702 eum
650 4664 711 4720 quoe
749 4648 847 4702 turbio
859 4648 973 4735 intelligi
984 4646 1176 4715 Massilienses,
1188 4650 1222 4704 de
1231 4648 1290 4721 qui·'

1353 4826 1368 4855 'b
