3234 5217
302 334 377 404 888
718 337 1010 410 cursionum

300 501 364 539 uem
380 484 453 538 88888
470 487 560 554 pactio
570 489 620 552 eat,
631 491 662 541 ut
672 503 760 560 neque
773 489 843 543 arbi·
877 491 972 559 postea
982 485 1060 540 Felix
1072 486 1232 555 appellatus,
1245 485 1280 550 Q.
1294 483 1427 554 Pompeio

301 564 383 618 trium
397 565 432 617 de
452 565 573 618 libertate
585 569 843 635 urgeretiuMetel-
878 567 954 620 Coss.
966 569 1103 628 antexvr.
1116 580 1200 618 anuo
1210 581 1291 634 quam
1301 563 1425 618 baecdic·
1473 595 1476 608 ι

302 643 360 695 lum
372 642 561 712 Cariamque
572 644 702 698 Metellus
712 651 843 716 perstaret
879 649 908 698 ta
925 648 997 705 sunt,
1017 657 1081 695 cum
1093 659 1140 712 per
1157 642 1211 695 rim
1228 641 1424 710 rempublicam

300 720 330 773 iu
342 722 511 774 accusatione
521 722 653 776 Curionis.
672 724 767 792 anue
779 741 844 794 pac-
879 721 1048 790 possedisset,
1060 721 1094 773 ab
1105 720 1187 774 initiis
1199 721 1329 774 bonarum
1341 721 1425 772 actio-

301 799 340 851 tio
352 799 386 850 ab
397 798 668 866 utroquejuramento
678 803 783 856 firmata
791 807 842 856 est.
879 816 945 854 num
961 799 996 851 ed
1011 799 1129 867 perditos
1146 815 1312 868 progressus.
1341 797 1425 864 Quod

302 874 367 928 Huc
378 891 442 941 ergo
452 876 519 928 illud
531 878 653 944 pertinet,
665 895 728 932 cum
737 880 843 945 jurasse
880 884 908 930 88
919 877 1024 930 initium
1036 876 1167 930 bellorum
1186 877 1305 930 civilium
1320 876 1380 941 mit,
1395 879 1428 928 et

302 954 380 1017 dixit,
391 954 474 1005 semel
483 954 615 1022 privatim,
625 957 759 1011 etiterum
771 959 845 1026 lega·
879 959 987 1024 propter
1009 955 1082 1024 quod
1104 955 1169 1024 ipse·
1185 954 1321 1024 Sulpicius
1346 955 1425 1007 Coss.

303 1033 546 1096 lum,soilicetcum
554 1033 580 1084 in
590 1033 734 1086 Curionem
743 1036 845 1087 calum·
880 1033 960 1086 armis
969 1033 1052 1085 'mire
1064 1049 1206 1102 oppressus
1217 1049 1276 1085 esse
1286 1033 1356 1086 visus
1371 1035 1426 1084 est.

201 1130 206 1142 ·
303 1109 492 1177 niamjurarit.
528 1110 765 1165 Combocautem
782 1111 845 1165 Me·
880 1111 987 1164 Ascou.

303 1191 367 1242 tello
376 1193 470 1257 postea
478 1187 574 1240 Cicero
585 1189 735 1242 simultates
746 1190 843 1257 gessit:
916 1187 1050 1250 Cebra'tas]
1069 1187 1240 1242 Celerilatem
1251 1184 1424 1255 8881888883-

303 1269 390 1320 evasit
414 1267 486 1318 enim
507 1266 637 1319 Metellus
657 1269 743 1321 malus
762 1273 845 1337 atque
881 1269 980 1335 niticat,
999 1269 1064 1336 q'uia
1075 1267 1216 1334 Manilius,
1235 1267 1306 1320 sicut
1313 1267 1369 1333 jam
1382 1281 1430 1316 os·r

304 1345 441 1414 improbus
455 1345 529 1397 civis.
564 1345 672 1398 Ancon⁸
880 1346 1025 1408 tendimus,
1042 1350 1102 1413 post
1113 1347 1243 1414 pauculos
1257 1346 1346 1398 statim
1358 1343 1426 1406 dies,

339 1422 404 1475 0888
427 1419 552 1494 Manilio]
588 1422 758 1490 legendum,
783 1423 846 1477 Caio
881 1423 1426 1492 quaminierattribunatum,legemean·

306 1499 435 1557 Manilio:
451 1505 480 1551 et
499 1501 576 1563 infra,
595 1503 691 1556 dodim
709 1501 846 1557 8888888888
881 1501 943 1554 dem
954 1502 1143 1570 compitalibus
1154 1503 1269 1568 pertulit.
1304 1501 1392 1554 Ionis.

303 1591 350 1643 ert,
366 1577 521 1646 protulisse.
557 1580 652 1633 Sinos.
916 1579 1027 1644 Peticit]
1052 1579 1084 1632 C.
1106 1579 1261 1632 Cornelium
1283 1579 1425 1646 significat.

339 1653 489 1728 11888888]
509 1658 538 1709 P.
550 1659 699 1726 Sulpicium
715 1661 743 1712 in
763 1660 846 1712 tribu·
881 1657 1025 1725 Sicutjam
1040 1657 1216 1711 antedictum
1227 1663 1274 1711 est
1309 1657 1398 1710 Inna.

303 1739 369 1788 natu
380 1733 450 1786 banc
462 1735 576 1789 eandem
588 1737 679 1804 legem
687 1739 780 1791 tulisse
792 1739 847 1804 sig·

302 1813 430 1866 nificarit.
457 1813 534 1867 Tulit
549 1819 641 1866 autem
652 1816 685 1868 L·
697 1816 779 1883 Sylla,
797 1817 845 1884 qui
971 1821 986 1852 ⁶
1004 1820 1075 1886 Mire]
1093 1822 1199 1870 (trevias
1210 1821 1271 1882 legit,
1275 1825 1340 1881 jure.

594 1976 596 1983 ’
671 1993 803 2052 vasso
821 1999 846 2053 8
866 1999 891 2053 1.
909 1998 1064 2072 888888.ἱ
1092 2051 1095 2054 ,

310 2145 313 2153 ’
340 2133 416 2186 Duce
425 2129 503 2201 leges]
516 2129 627 2183 Dictum
637 2131 757 2183 estenim
765 2147 847 2199 supra
883 2132 1000 2185 Catilina
1011 2133 1147 2201 patricius,
1159 2134 1187 2184 88
1195 2131 1291 2184 eedem
1299 2130 1347 2182 illo
1357 2127 1428 2181 tem·

304 2213 340 2265 de
358 2210 399 2263 bie
418 2209 537 2275 legibus:
555 2223 669 2275 quarum
686 2224 741 2261 una
759 2211 794 2261 de
816 2209 848 2260 li·
883 2226 947 2278 pore
967 2216 1024 2262 erat
1041 2227 1102 2264 reus
1121 2211 1344 2279 repetundarum
1362 2223 1425 2262 cunr

302 2291 469 2343 bertiuorum
481 2286 619 2353 suffragiis,
630 2303 692 2355 quae
701 2303 764 2339 cum
776 2288 803 2340 S.
811 2288 846 2341 C.
883 2290 1046 2357 provinciam
1067 2290 1186 2343 Africam
1206 2288 1374 2350 obtinuisset,
1398 2287 1427 2338 et

304 2371 433 2422 damnata
442 2369 522 2427 esset,
539 2365 573 2416 ab
585 2365 644 2433 ipse
657 2382 768 2434 quoque
785 2366 847 2419 Ma·
883 2369 1039 2420 consulatus
1055 2369 1230 2421 candidatum
1249 2384 1278 2420 se
1298 2365 1428 2418 ostendis-

304 2447 371 2498 uilio
389 2445 496 2511 abjecta
511 2446 569 2495 est:
593 2442 676 2495 altera
693 2450 784 2496 autem
801 2443 848 2495 de-
882 2450 934 2504 888.
965 2446 1114 2499 Accusator
1128 2450 1186 2498 erat
1201 2445 1260 2511 ejus
1272 2445 1303 2497 Ρ.
1316 2443 1427 2496 Clodius

217 2518 218 2521 ’
302 2525 380 2577 tensa
391 2529 433 2575 est
451 2524 486 2574 de
504 2522 577 2574 bello
593 2521 778 2574 Mithridatico
795 2522 846 2574 Cn.
885 2523 1049 2589 adolescens,
1057 2525 1116 2592 ipse
1125 2539 1234 2593 quoque
1243 2522 1372 2591 perditus,
1380 2523 1429 2590 qui

305 2601 436 2670 Pompeio
453 2605 530 2653 extra
547 2600 669 2652 ordinem
684 2600 847 2664 mandando,
884 2605 979 2670 postea
989 2618 1052 2654 cum
1063 2602 1192 2655 Cicerone
1202 2600 1356 2654 iuimicitias
1367 2616 1428 2668 ges·

304 2698 340 2734 ex
354 2681 548 2748 qualegetum
564 2678 686 2746 Magnus
703 2679 848 2745 Pompeius
885 2679 927 2732 sit.
956 2680 1167 2750 Cneusquoque
1181 2680 1252 2744 Piso,
1270 2679 1427 2732 adolescens

303 2760 405 2812 bellurn
416 2758 534 2824 gerebat.
569 2753 687 2810 'decom¹
884 2759 980 2824 potens
991 2761 1019 2810 et
1030 2757 1209 2821 turbulentus,
1222 2757 1357 2810 familiaris
1369 2760 1427 2808 erat

341 2839 419 2898 Quod
448 2853 545 2888 summe
575 2833 715 2905 republica]
754 2834 847 2887 Locus
884 2834 1017 2899 Catilinae,
1048 2839 1223 2906 omniumque
1252 2829 1426 2888 consiliorum

306 2916 460 2971 mendosus.
478 2913 582 2979 Magna
593 2913 621 2966 in
631 2929 695 2966 mss.
705 2913 828 2966 varietas.
856 2970 860 2978 ‚
884 2911 943 2976 ejus
963 2914 1105 2983 particeps,
1122 2919 1151 2968 et
1168 2914 1305 2968 turbarum
1321 2918 1427 2967 auctor.

342 2990 423 3052 Aliis]
449 2993 483 3043 L.
496 2991 641 3044 Catilinam
655 2994 684 3043 et
701 2990 753 3045 Cu
771 2993 847 3044 Piso-
881 2991 973 3047 1888,
1056 3001 1057 3004 ’

306 3087 369 3146 uem
381 3070 485 3123 videtur
496 3070 652 3139 significare.
678 3069 742 3121 Fuit
754 3073 846 3124 autern

694 3238 824 3294 vnusu
843 3239 941 3294 cmc,
960 3239 1041 3317 exn

341 3375 373 3430 C.
384 3373 495 3436 Cottum]
513 3373 568 3427 ffic
585 3377 628 3426 est
638 3374 728 3438 Cotta,
745 3374 851 3442 dequo
885 3375 947 3426 latae
960 3373 993 3426 ab
1005 3389 1037 3425 eo
1048 3372 1115 3441 legis
1126 3375 1235 3437 mentio,
1251 3378 1429 3442 praeteream,

303 3457 361 3525 jam
381 3469 455 3521 saepe
474 3452 600 3515 diximus,
624 3467 736 3519 magnus
759 3457 849 3506 orator
887 3467 969 3521 quam
987 3453 1015 3504 in
1036 3452 1166 3504 concione
1182 3453 1244 3506 tulit
1260 3457 1429 3522 repugnante

306 3533 424 3597 babitus,
440 3535 469 3582 et
487 3547 596 3598 compar
613 3531 641 3583 iu
661 3546 693 3582 ea
713 3531 798 3598 gloria
816 3533 847 3584 P.
886 3529 1025 3582 nobilitate
1032 3544 1130 3596 magno
1138 3530 1229 3598 populi
1238 3531 1336 3594 studio,
1347 3530 1429 3596 utiis,

310 3609 438 3679 Sulpicio,
449 3609 635 3663 etC.Caesari.
656 3608 794 3662 Videntur
802 3624 850 3662 au·
887 3609 933 3676 qui
942 3609 1056 3662 'l‘ribuni
1067 3609 1151 3676 plebis
1160 3608 1280 3669 luissent,
1288 3610 1354 3662 alins
1362 3625 1431 3678 quo-

307 3694 365 3743 tem
376 3689 404 3742 iu
419 3687 500 3740 rebus
510 3687 598 3755 parvis
612 3686 694 3739 fuisse
705 3687 777 3754 leges
788 3687 850 3753 illae,
887 3689 1118 3756 que‘magistratus
1129 3703 1223 3754 capere
1232 3688 1331 3740 liceret.
1347 3685 1431 3751 Quod

309 3784 377 3838 quas
386 3783 449 3819 cum
462 3765 573 3828 tulisset,
581 3764 674 3816 retulit
685 3764 719 3817 de
729 3765 762 3817 iis
773 3765 857 3817 abro-'
888 3766 933 3817 lex
950 3766 1105 3818 adictatore
1123 3767 1155 3818 1..
1169 3766 1242 3833 Sylla
1258 3766 1352 3834 paucis
1364 3769 1430 3817 ¹anto

310 3845 585 3914 gandisadseuatum.
602 3841 851 3912 Namnequeapud
888 3844 965 3895 annis
985 3845 1039 3917 lata
1058 3843 1223 3914 prohibebat.
1255 3843 1351 3912 Neque
1368 3856 1430 3896 eam

310 3924 476 3990 Sallustium,
492 3936 580 3990 neque
590 3921 662 3990 apud
674 3920 792 3985 Livium,
804 3936 852 3973 ne·
888 3921 977 3973 cotta
997 3921 1084 3988 legem
1102 3922 1255 3990 abrogatam
1272 3938 1331 3974 csse
1349 3921 1431 3988 signi-

312 4017 365 4070 que
374 4001 444 4070 apud
457 4000 637 4054 Fenestellam
648 3997 730 4050 ullius
742 3998 853 4050 alterius
887 3999 961 4052 licat.
996 3998 1102 4052 Ancon.

743 4254 746 4262 ,
768 4178 972 4246 snoumun.

345 4313 371 4368 A
386 4311 491 4386 fratre]
514 4313 557 4367 M.
578 4312 687 4365 Cottam
710 4311 849 4379 significat
885 4315 934 4376 vit,
952 4315 1084 4380 renatum,
1100 4314 1216 4383 equites,
1233 4314 1353 4367 tribunos
1365 4329 1435 4367 888-

307 4393 431 4446 Fuemnt
450 4396 541 4444 autem
559 4396 629 4444 tres:
650 4390 705 4442 duo
723 4389 759 4456 bi,
776 4389 809 4444 C.
822 4395 850 4445 88
887 4394 954 4444 riost
972 4393 1117 4460 adeptique
1129 4398 1294 4446 suntomnes
1307 4391 1433 4447 consula*-

308 4470 351 4532 Μ.
363 4470 458 4522 tertius
475 4470 506 4521 L.
518 4469 607 4527 Cotta,
619 4467 664 4537 qui
677 4470 736 4536 lege
748 4484 799 4521 sua
805 4469 851 4537 ju·
887 4476 954 4525 trum.
991 4470 1096 4530 Ascua.
1299 4468 1305 4478 ”

310 4547 379 4600 dicia
389 4547 460 4600 iuter
475 4552 529 4599 tres
544 4547 650 4599 ordines
667 4548 851 4600 communica-
