3234 5217
290 387 366 467 528
662 388 997 461 Pseudulo.

292 551 394 641 Quid,
410 550 501 641 quod
524 550 649 640 tingue
675 572 789 623 omues
813 570 984 617 commune
1006 548 1324 639 babentvinculum,
1337 558 1373 619 et

291 662 386 751 quasi
407 662 605 751 cognatione
628 661 770 752 quadam
783 661 872 737 inter
885 680 921 726 se
934 660 1168 739 eontinentur?
1190 660 1238 727 itu
1252 670 1290 728 ut
1302 660 1374 729 bec

291 772 365 860 ipsa
390 768 509 863 nostris
518 772 726 853 bominibus,
739 770 781 837 ad
796 769 966 844 Ciceronis
980 754 1237 839 familiaritatem
1253 770 1374 859 perdu-
1397 786 1403 801 ‘

291 881 415 966 cendia,
438 881 683 949 accommodata
703 902 817 971 opera,
836 877 928 945 ndeo'
939 900 1005 947 non
1020 880 1130 947 aliena
1143 880 1188 949 sit
1203 878 1370 948 'academi-

291 990 340 1056 cis
349 991 549 1073 muneribus,
564 999 602 1057 ut
616 990 724 1059 videri
737 990 857 1057 debeat
870 988 925 1057 vel
938 990 1081 1071 maxime
1092 991 1279 1080 cunjuncta.
1323 990 1372 1059 Ut

291 1100 508 1167 euimnostra
522 1100 578 1167 vel
592 1100 699 1168 artatis
713 1100 768 1169 vel
781 1100 888 1189 gentis
898 1099 1146 1168 bonanolumus
1155 1100 1372 1185 dissimulare,

195 1219 198 1228 “
290 1210 339 1277 sic
352 1210 451 1276 etiarn
466 1232 584 1277 cavere
604 1209 770 1291 debemus,
792 1232 835 1276 ne
855 1232 960 1299 pravo
984 1232 1047 1277 usu
1075 1232 1116 1277 ea
1142 1210 1370 1301 inquinentur.

272 1401 274 1410 γ
291 1320 354 1387 Est
367 1342 453 1386 nunc
467 1320 600 1410 quidem
611 1320 726 1408 lingua
738 1320 884 1398 Gallica,
898 1340 1008 1409 neque
1023 1320 1254 1409 inope„neque
1265 1320 1373 1389 incul-

231 1462 233 1466 .
289 1439 337 1511 ta,
350 1431 449 1497 rebus
462 1430 612 1496 omnibus
626 1432 761 1520 proprie
775 1438 958 1519 ornateque
972 1430 1119 1496 dicendis
1144 1430 1286 1498 idonea:
1312 1430 1371 1499 sed

286 1524 605 1629 possentpopolares
618 1522 724 1605 nostri
737 1531 852 1606 eodem
867 1540 973 1607 morbi
987 1560 1109 1639 genere
1122 1526 1287 1637 laborare,
1302 1562 1371 1630 quo

145 1693 150 1703 ι
288 1647 433 1717 Romani
445 1648 538 1732 olim,
554 1656 592 1714 ut
614 1656 765 1716 naturam
789 1649 1051 1741 dedignati‚¹non
1072 1650 1179 1717 minus
1192 1651 1277 1717 bene
1292 1652 1370 1716 scri·

283 1759 387 1825 bendi
409 1782 507 1848 quam
528 1758 660 1825 vivendi
671 1758 798 1843 ducem,
812 1760 950 1827 vellent
962 1760 1083 1848 ubique
1097 1762 1209 1849 arguti
1222 1782 1306 1846 esse,
1320 1768 1370 1827 at·

288 1890 356 1957 que
368 1869 404 1933 in
419 1868 625 1955 profluentis,
635 1851 760 1951 nitide,
770 1878 962 1959 temperate
981 1870 1140 1938 orationis
1161 1870 1368 1956 salubritate,

288 1977 562 2068 quemadmodum
584 1980 619 2044 in
642 1980 768 2046 coloris·
784 1982 920 2068 ingenui
933 2002 972 2047 ac
986 1979 1098 2050 vultus
1112 2002 1179 2047 non
1190 1980 1291 2047 fucati
1303 1982 1370 2048 sin·

287 2090 436 2168 ceritate,
451 2097 659 2155 nausearent.
702 2089 800 2157 Unde
823 2092 935 2180 igitur,
957 2092 989 2160 si
1010 2093 1104 2159 nobis
1126 2092 1256 2182 aliquid
1282 2093 1369 2181 ejus·
1394 2122 1398 2133 ·

288 2198 376 2264 modi
398 2198 585 2287 contigerit,
611 2199 680 2287 peti
712 2200 877 2270 auxilium
898 2202 1104 2291 presentiae,
1130 2224 1230 2291 quam
1257 2204 1300 2269 ab
1327 2184 1372 2269 eov

287 2308 451 2396 scriptore
477 2295 598 2395 potest,
613 2310 667 2375 cui
693 2301 879 2378 seculorum
901 2312 1010 2379 adbuc
1031 2312 1177 2379 omnium
1190 2334 1368 2380 consensus

105 2458 110 2470 ·
166 2482 170 2487 .
216 2441 220 2458 ·
286 2424 379 2484 recte
391 2416 556 2484 scribendi
568 2418 787 2508 principatum
797 2420 946 2489 detulit?
968 2421 1092 2511 Neque
1106 2446 1187 2491 vero
1201 2440 1289 2491 nunc
1302 2424 1370 2513 pri-

286 2528 423 2594 munr'in
439 2528 522 2594 banc
535 2550 599 2617 ego
622 2530 856 2619 cogitationem
870 2534 958 2621 veni,
970 2543 1028 2601 aut
1041 2536 1222 2625 gratificari
1237 2532 1369 2625 quidpi-

286 2660 339 2705 am
353 2636 535 2727 equalibus
550 2642 630 2707 meis
644 2642 679 2708 in
693 2642 755 2709 boc
768 2666 891 2733 genere
902 2669 973 2713 sum
982 2654 1133 2713 conatus.
1178 2647 1268 2712 Nam
1277 2645 1369 2731 quod

286 2750 365 2816 olim
378 2748 549 2816 Ciceronis
559 2750 661 2817 libros
670 2752 801 2842 aliquot
812 2756 962 2844 expressi
970 2776 1121 2819 sermone
1132 2752 1253 2839 patrio,
1263 2752 1291 2816 si
1299 2770 1368 2816 non

286 2868 445 2949 quantum
460 2864 647 2948 exprimere
659 2852 778 2958 lingua
791 2863 863 2949 ipsa
876 2869 1009 2949 poterat
1035 2867 1124 2949 (quae
1136 2867 1247 2947 potest
1265 2860 1369 2947 aptis·
1428 2882 1430 2893 ·

286 2968 367 3036 sime
381 2970 504 3068 omniu)
516 2970 574 3037 sed
589 2978 749 3059 qnantum
762 2990 836 3035 mea
854 2971 981 3036 serebat
993 2958 1222 3049 mediocritasss
1247 2970 1367 3037 Gallos
1495 3026 1499 3039 ,

253 3163 257 3168 ¹
287 3080 330 3178 ad
356 3082 438 3169 ejus·
450 3081 667 3171 cognoscendi
681 3080 826 3146 studium
840 3079 1070 3169 provocabam,
1083 3086 1121 3145 ut
1132 3078 1174 3144 ad
1187 3080 1367 3175 ingenium,

268 3206 272 3217 ’
287 3201 355 3278 quo
367 3190 544 3279 plurimum
559 3174 749 3276 valentem
763 3191 863 3257 etiam
878 3187 1059 3269 accederet,
1074 3197 1193 3256 etcum
1207 3190 1369 3259 baberent

286 3322 385 3390 quem
400 3302 653 3384 admirarentur,
668 3299 760 3367 illius
772 3299 856 3364 effici
868 3320 904 3365 se
917 3320 1015 3386 quam
1030 3298 1214 3365 simillimos
1228 3299 1366 3367 vellent.
1388 3296 1394 3303 ’

287 3400 364 3480 Hoc
378 3414 490 3501 agenti
503 3412 658 3497 veniebat
669 3411 703 3476 in
719 3417 860 3477 mentem
871 3409 1016 3495 interim,
1035 3412 1162 3497 quanto
1175 3412 1305 3477 iuturus
1316 3432 1367 3476 es-

287 3532 338 3589 set
351 3545 394 3589 ex
410 3524 512 3611 ipsius
523 3521 696 3588 Ciceronis
710 3520 914 3587 usufructus
928 3519 1073 3606 uberior,
1089 3521 1117 3586 si
1131 3522 1205 3607 quis
1219 3521 1254 3587 iu
1269 3522 1368 3589 edens

287 3634 337 3697 dis
349 3633 610 3720 illiusoperibus
623 3630 754 3705 modum
769 3638 899 3697 teneret
909 3654 996 3716 euro,
1010 3620 1109 3719 quern
1122 3633 1194 3720 ipse
1207 3642 1368 3701 monstre-

219 3751 226 3772 ⁸
285 3742 335 3810 vit
350 3747 370 3788 ὓ
379 3743 510 3826 Cicero,
524 3752 562 3808 ut
575 3766 675 3831 neque
688 3745 907 3813 indoctissimis
919 3742 1089 3828 scriberet,
1110 3766 1211 3831 neque
1227 3747 1367 3811 docturi-
1393 3762 1395 3771 ¹

283 3858 355 3922 mis.
398 3854 473 3919 Illis
487 3854 572 3920 enim
586 3875 755 3943 nunquam
767 3863 896 3921 tantum
904 3852 1036 3921 dederis
1047 3854 1366 3939 commentariorum,

286 3948 524 4053 quantumesse
538 3965 618 4030 sutis
633 3967 750 4053 possit:
765 3972 942 4054 propterea
953 3963 1045 4053 quod
1054 3986 1120 4030 non
1130 3964 1159 4030 is
1168 3974 1218 4031 est
1233 3965 1364 4049 Cicero,
1399 4024 1401 4035 .

239 4056 244 4060 ⁶
284 4076 344 4164 qui
359 4076 501 4143 lectores
510 4059 711 4141 ierat'omnis
721 4075 918 4143 litterature
931 4084 1095 4165 expertes,
1106 4076 1177 4165 ipse
1191 4078 1279 4144 omni
1291 4075 1367 4142 doc·

285 4187 447 4253 trinarnm
469 4208 590 4275 genere
610 4186 805 4275 perpolitus.
849 4186 923 4253 Hos
943 4206 1035 4269 vero,
1055 4186 1205 4280 quamvis
1217 4184 1365 4267 restricte

286 4297 387 4364 iacias
401 4286 1364 4388 etnng'u'ste,noneffugiestamenquiusatietateoffendasi
1432 4350 1435 4357 Δ
1509 4308 1512 4317 “

286 4409 371 4476 adeo
393 4419 469 4478 runt
491 4411 600 4495 iniis,
623 4429 697 4500 quac
719 4411 803 4477 scire
816 4408 1178 4497 seputantffastidiosi.
1218 4394 1267 4475 At
1285 4396 1364 4473 vero

442 4617 444 4628 .
555 4658 558 4672 Ι
635 4594 1009 4660 *Βιθναΐ.1ἰδ.1ῐ,ισιρ.·6.“
